2451 3470
652 95 706 148 Ο
784 95 824 146 P
897 93 959 148 U
1035 93 1072 148 S
1151 95 1201 151 C
1280 94 1338 147 U
1422 95 1492 147 L.
1553 94 1605 147 A
1632 131 1646 146 .
2120 120 2145 157 1
2188 148 2194 156 „

105 167 244 226 pitin,
275 167 477 212 alimento
509 168 697 212 subdu&
715 200 727 222 ,
758 167 861 225 apud
883 168 1140 223 noslangue-
1161 201 1170 222 -Χ
1192 168 1245 211 ris
1270 200 1287 222 ,.
1336 168 1520 223 vitiaque
1549 165 1833 232 clo-{binarum
1869 169 2034 234 invissis
2065 119 2241 225 radoin}-

113 228 229 271 scnnt
259 227 303 270 δι
334 240 530 282 pereunt.
563 228 676 269 Nam
702 227 935 280 Principes,
967 225 1170 280 quorum}
1194 226 1267 268 bus
1299 225 1467 286 castiges
1492 256 1513 279 ‚,
1550 226 1760 279 imitabis,
1805 241 1850 269 ut
1881 244 1994 278 aiunt
2017 264 2029 284 ,
2071 239 2247 280 crabro-v

113 284 193 327 sola
227 283 459 339 benignitas
490 298 601 326 artes
626 283 699 326 a-lit
723 315 736 336 ,
781 283 1019 338 plerumque
1052 297 1140 335 gra·
1194 288 1299 334 neS,
1323 298 1369 324 ac
1388 284 1538 325 {curras
1554 283 1597 326 &
1619 283 1836 337 poetastros
1854 285 2147 347 obsti·epente3‚
2169 294 2235 339 in,-

111 341 296 384 vinribus
326 340 431 384 curis
473 352 725 396 occupantur
752 355 761 380 ε
805 351 874 382 aut
923 338 949 380 fi
981 340 1143 394 quando
1197 340 1432 393 scitiamque
1463 340 1570 402 suam
1609 339 1717 384 rabie
1748 342 2007 397 munientes,
2034 361 2078 388 ac
2103 350 2241 397 animi

110 397 324 440 doetorum
359 399 542 440 virorum
578 397 706 440 studio
737 408 929 438 tenentur
956 426 968 447 ‚
999 411 1140 438 eruere
1163 423 1170 452 ⁴.
1193 408 1402 439 tumorem
1437 395 1649 440 latratibus
1686 411 1988 455 exonerantes,
2022 401 2064 443 in
2092 416 2129 448 te
2162 407 2240 451 sta,

110 466 315 510 coguntur
345 471 486 498 eorum
520 454 715 500 notitiam-
745 469 771 494 a
800 452 874 495 suis
900 483 912 504 ,
943 453 1012 506 qui
1046 453 1144 506 saepe
1165 454 1170 516 ξ
1194 453 1271 494 tim
1293 452 1484 514 incitabis
1506 469 1725 510 ,quorum
1743 456 1927 509 morsus,
1961 460 2239 518 utcimicum,

109 526 196 554 non
227 511 454 555 doetiorem
500 511 721 554 hominem-
765 510 992 564 producunt
1024 540 1036 561 ‚
1084 511 1143 552 sed
1165 538 1169 554 2
1194 508 1225 554 fi.
1253 509 1300 551 ad
1333 524 1525 553 animum
1562 527 1646 554 non
1686 515 1932 567 perveniant
1961 546 1974 569 ‚
2005 529 2144 565 eutem
2172 532 2234 563 ta-

109 569 437 611 commodiorem
471 569 526 611 ita
562 580 606 610 ut
637 565 760 610 vil-ior
779 565 996 621 aliquando
1013 581 1144 620 merx,
1192 581 1289 608 men
1306 567 1570 621 exasperant.
1605 570 1808 623 Quamvis
1831 571 1944 623 enim
1974 571 2236 624 summa-laug-

110 624 277 679 publico
312 626 442 668 sumtu
478 636 715 678 comparata
740 655 757 677 ,
785 624 902 666 bonis
934 621 1141 677 Principi-
1192 622 1405 669 doeiotum
1433 624 1652 668 hominum
1680 625 1726 667 fit
1750 627 1801 672 ab
1829 627 2028 683 improbis
2049 632 2232 683 &sacri-

111 683 183 724 bus
216 682 452 726 inducatur.
485 683 541 724 Et
573 696 669 724 cum
698 681 850 735 optimi
878 680 1026 735 quique
1039 682 1136 723 alie·
1200 679 1299 734 legis
1331 681 1549 735 vituperari
1578 693 1601 736 ,⁴
1621 682 1665 726 ὅ(
1696 682 1832 738 quivis
1862 688 2069 732 amaverit
2100 690 2229 734 Phor-

109 753 164 781 na
193 739 405 795 diligentia
438 737 737 782 concludantur
758 767 774 789 ,
800 737 890 780 ideo
925 737 1020 790 saepe
1041 751 1135 779 con·
1193 739 1352 780 miones
1364 736 1656 782 &Thrasones
1675 739 1823 784 habere
1850 743 2058 798 censores3
2085 758 2231 793 tamen.

109 795 238 851 tingit
264 826 276 849 ,
320 807 364 838 ut
398 795 465 837 sub
505 794 665 847 optimo
697 792 885 846 Principe
914 823 929 845 ,
970 792 1141 847 optimis
1190 794 1629 849 uti-mpudentiffitmas
1659 796 1891 846 calumnias
1925 803 2189 848 contemseris
2211 839 2231 861 „

107 852 408 906 magistratibus
432 881 446 903 ,
480 849 603 904 inque
636 849 966 894 innocentiffima
998 849 1109 904 regia
1129 881 1141 904 ‚
1190 851 1383 894 nauseam
1412 865 1522 895 certe
1554 853 1707 898 rusticae
1728 854 1987 902 scurrilitatis.
2004 860 2133 910 vitare
2150 863 2223 909 vix

105 908 251 951 eruditi
282 921 410 963 quum
444 918 627 962 petunt,
670 921 755 948 non
798 905 922 948 modo
953 920 1037 948 non
1069 907 1140 949 ad-
1189 909 1336 962 possis,
1369 920 1459 951 tum
1492 910 1743 965 praesertim,
1777 928 1871 956 cum
1907 914 2041 959 videas
2071 918 2123 961 ad‘
2147 919 2222 963 ho-

107 964 333 1007 m-ittantur
357 995 371 1017 ,
413 964 472 1006 sed
519 979 570 1006 ne
612 962 881 1018 respiciantur
923 962 1091 1017 quidem
1125 995 1135 1006 .
1189 979 1281 1007 rum
1313 965 1524 1009 inficetam
1554 967 1598 1010 ὅ(
1629 967 1834 1023 impuram
1875 970 2098 1024 diffionem
2126 988 2222 1025 tan-

103 1018 328 1070 Unde‘sub
348 1021 518 1064 studioso
537 1020 750 1064 doctorum
777 1017 1001 1062 hominum
1018 1020 1134 1062 Prin·
1188 1031 1273 1064 tam
1307 1021 1529 1067 hominurn
1562 1024 1721 1068 turbam
1747 1056 1762 1079 ,
1794 1027 1856 1069 seu
1892 1030 2024 1082 potius
2054 1047 2226 1076 armen..

102 1078 191 1133 cipe
222 1077 348 1122 doctis
382 1090 520 1121 tamen
564 1076 666 1122 viris
705 1076 932 1133 aliquando
969 1077 1021 1119 est
1054 1077 1139 1120 ini·
1160 1120 1165 1133 ,
1189 1089 1324 1121 torum
1346 1094 1511 1135 greges,
1543 1081 1786 1125 adhinnire.
1817 1085 2030 1129 Miremur
2046 1090 2221 1139 noneffe

99 1135 286 1190 quiffime
318 1148 626 1191 comparatum.
659 1135 830 1178 Etenim
864 1147 950 1177 tum
969 1134 1135 1190 quisque
1159 1138 1165 1176 ἔ
1187 1135 1310 1178 risum
1343 1136 1548 1180 extraneis
1580 1137 1623 1180 δι
1654 1137 1791 1190 jocum
1819 1171 1833 1193 ,
1872 1153 1969 1185 cum‘
2002 1144 2172 1190 sciamus
2206 1178 2221 1208 ,

99 1207 181 1247 quo
213 1192 439 1246 indoftior,
472 1209 519 1235 eo
550 1192 772 1244 auducior,
804 1192 1060 1246 perrumpit,
1091 1192 1134 1234 Se
1157 1177 1164 1235 ³
1186 1191 1333 1251 quibus
1364 1193 1564 1250 plausibus
1596 1194 1639 1237 in
1669 1197 1765 1239 urbe
1801 1197 1950 1241 sublata
1984 1200 2059 1244 [int
2092 1205 2108 1255 (
2146 1203 2222 1247 ho-

99 1249 148 1291 ad
179 1248 352 1293 honores
382 1249 507 1292 doehs
550 1248 650 1292 viris
685 1249 885 1303 Principis
919 1248 1131 1292 voluntate
1187 1264 1329 1293 norem
1363 1250 1560 1305 praefabor
1593 1251 1612 1304 ),
1643 1255 1873 1307 portentosa
1920 1256 2141 1303 scurrarum
2175 1261 2220 1316 Sc

97 1312 258 1360 paratos
284 1322 351 1360 per
378 1307 568 1352 doetrinae
599 1306 903 1349 simulationem
939 1305 1104 1360 obrepit
1123 1337 1132 1347 .
1186 1307 1452 1361 parasitorum
1486 1307 1644 1365 flagitia
1662 1341 1674 1362 ,
1706 1311 1957 1355 immanibus
1984 1314 2218 1362 soloecismis

95 1363 202 1406 doffi
221 1379 458 1419 vero,quos
473 1363 662 1406 modestia
676 1363 804 1405 ferme
820 1362 1134 1416 comitatur,ab
1155 1359 1160 1376 '
1183 1363 1226 1406 ὃ(
1260 1364 1544 1419 barbarismis,
1578 1378 1778 1423 tanquamv
1808 1383 1929 1412 coeno
1958 1363 2002 1413 ἃ
2031 1371 2117 1415 luto
2137 1375 2220 1417 dif-

93 1419 364 1463 audaciffimis
402 1421 526 1473 vieti,
561 1419 759 1475 repuisam
787 1419 950 1473 ferunt,
976 1436 1023 1464 ac
1055 1421 1134 1464 irn-
1154 1423 1160 1470 3
1183 1420 1358 1465 fluentia
1384 1426 1408 1465 ?
1453 1439 1629 1481 quorum
1677 1425 1911 1474 obscoenam
1957 1428 2218 1476 dicacitatem

91 1476 218 1529 motis
232 1475 363 1528 oculis
396 1476 546 1520 intueri
574 1490 775 1533 coguntur
801 1478 975 1521 honores
991 1471 1158 1528 arbim-2³
1180 1479 1223 1522 ἃ
1257 1480 1428 1534 pueriles
1456 1481 1634 1537 ineptias
1660 1481 1811 1537 optimi
1838 1515 1850 1535 ,
1884 1483 1910 1526 fi
1941 1485 2032 1530 Diis
2060 1487 2221 1544 placet,

89 1533 447 1588 pudentissimis&
465 1534 724 1589 paratiffimis
740 1536 806 1579 libi
822 1549 1065 1591 praereptos,
1088 1537 1132 1579 ὃς
1180 1537 1457 1583 ἀοξὶτίηαωω
1488 1540 1534 1584 in
1562 1541 1663 1587 'urbe
1694 1539 1907 1595 censores,
1938 1542 2001 1585 vel
2023 1545 2113 1598 ipsis
2131 1562 2220 1588 rna-

87 1590 348 1644 operosarum
379 1607 502 1646 apum
532 1592 686 1636 labores
712 1594 762 1636 ab
783 1594 1050 1649 ignavissimis
1067 1594 1128 1637 fu·
1182 1595 1316 1640 lorum
1345 1597 1580 1642 carminum
1616 1598 1678 1641 seu
1714 1613 1969 1646 venenorum
1986 1602 2219 1647 aii-fioribus,

87 1647 387 1690 cisabfumtos.
417 1650 561 1704 quue
587 1649 693 1692 doffi‘ti
710 1649 788 1699 viri
807 1651 1004 1704 majorem
1023 1650 1129 1709 iniu·
1180 1653 1505 1711 inquinatioreS,
1537 1655 1726 1708 Juveriali
1758 1655 1799 1699 ἃ
1822 1657 1987 1710 Persio(
2009 1673 2105 1702 nam
2124 1662 2216 1705 Ho-

87 1704 194 1747 riam
225 1705 290 1747 sub
311 1705 425 1748 bonis
443 1737 456 1759 ,
485 1723 611 1760 quarn
642 1706 707 1750 snb
734 1707 852 1751 malis
870 1709 1128 1763 Principibus
1148 1692 1156 1755 l
1178 1715 1329 1754 ratium
1360 1713 1404 1755 ὃς
1425 1713 1643 1758 Ciceronis
1674 1728 1806 1756 aevum
1840 1714 1946 1757 nihil
1980 1721 2215 1770 morantur)

88 1761 297 1816 accipiunt
317 1792 329 1815 ‚
353 1765 459 1819 quod
487 1764 546 1816 spe
581 1764 770 1807 destituto
801 1762 1127 1818 iiihiltollitur,
1148 1765 1155 1790 ‘
1180 1783 1264 1811 non
1299 1769 1380 1813 fine
1415 1771 1602 1815 sanorum
1637 1771 1857 1815 hominum
1887 1760 2098 1825 l'tomacho
2114 1790 2214 1830 prae·-

87 1819 136 1861 ad
149 1818 258 1874 spem
279 1832 416 1863 autem
438 1821 601 1874 cretio,
628 1835 827 1878 tanquam
855 1791 1154 1888 conseiojurisl
1178 1826 1390 1880 tulerunt,
1427 1845 1474 1872 ac
1507 1828 1737 1882 imaginem
1773 1830 2041 1873 Romanenfis
2060 1832 2213 1887 eloquii

88 1875 143 1918 fui
162 1907 175 1929 ,
208 1876 234 1917 fi
253 1876 503 1932 denegatur,
533 1878 729 1931 eripitur.
764 1881 879 1923 Nam
901 1881 969 1923 sub
984 1895 1124 1935 tyran·
1146 1890 1153 1939 ς
1176 1883 1354 1928 studiofis
1385 1886 1429 1929 δί
1459 1887 1682 1943 peregrinis
1723 1886 1916 1929 omnibus
1960 1887 2033 1931 esse
2068 1889 2209 1934 volue-

88 1933 181 1975 nide
197 1948 291 1975 curri
313 1933 399 1985 jura
415 1933 581 1988 fileant,
605 1936 796 1980 &rerum
817 1939 994 1991 potiatur
1008 1954 1122 1981 com-
1145 1939 1152 1989 Ξ
1174 1956 1269 1984 runt
1285 1974 1295 1984 .
1328 1943 1458 1986 Scitos
1490 1945 1660 1988 arbitros
1687 1949 1695 1986 Ξ
1730 1945 1796 1985 En
1828 1943 1875 1986 ad
1907 1960 2082 2000 quorum
2103 1945 2209 1997 judi-

88 1989 229 2032 munis
242 1989 362 2033 hostis
384 1992 612 2046 bonorum,
639 1994 784 2037 eruditi
807 1995 1020 2050 dignitatis
1033 2012 1118 2049 gra-
1141 1990 1151 2093 ξ
1178 1998 1289 2042 cium
1321 2016 1419 2055 gens
1470 2014 1607 2056 togata
1650 2012 1828 2043 recurrat
1856 2006 1865 2043 ἔ
1908 2003 1975 2044 En
2008 2019 2029 2044 a
2061 2004 2206 2059 quibus

89 2046 245 2090 dusase
273 2062 419 2101 putant
436 2048 620 2101 alienos;
646 2051 749 2094 unde
780 2066 924 2094 vacant
946 2053 1006 2094 illi
1030 2053 1122 2107 qni-
1172 2055 1306 2100 aliena
1339 2057 1423 2100 laus
1463 2058 1507 2101 ὃ(
1550 2058 1728 2114 dignitas
1774 2057 1943 2112 pendeat
1984 2065 1993 2101 !
2035 2061 2104 2103 En
2131 2062 2203 2116 qui

86 2104 179 2146 dem
198 2103 381 2158 honore,
412 2106 470 2148 sed
498 2121 582 2148 non
597 2120 736 2150 carent
753 2138 763 2150 .
796 2109 968 2164 Legibus
983 2122 1148 2160 antemi
1173 2115 1351 2167 pretium
1376 2117 1575 2158 mercium
1598 2115 1822 2158 nostrarum
1845 2116 2088 2159 conficiant!
2117 2119 2202 2172 En,

90 2160 416 2215 imperantibus,
441 2163 546 2206 doeh
564 2164 672 2217 viri,
693 2165 736 2208 ὅ(
760 2164 808 2207 ad
824 2166 1121 2220 rempublicam
1142 2162 1149 2215 i
1171 2172 1306 2213 Roma
1334 2203 1347 2224 ,
1378 2172 1510 2215 aediles
1542 2185 1632 2215 tuos
1658 2178 1668 2214 l
1711 2173 1777 2214 En
1814 2174 2019 2216 Varrones
2052 2175 2203 2219 nostros

88 2217 307 2273 gerendam
334 2219 500 2272 idonei,
530 2219 557 2262 si
582 2220 649 2263 fibi
672 2221 846 2264 honores
873 2239 1000 2266 manu
1026 2223 1120 2268 affe·
1140 2216 1147 2241 ³
1167 2227 1211 2270 &
1244 2227 1438 2283 Nigidios
1462 2261 1474 2282 ,
1514 2231 1660 2286 quibus
1709 2243 1792 2271 non
1836 2229 1916 2271 alia
1962 2231 2200 2277 conditione

86 2288 250 2328 terent,
282 2274 344 2326 ius
369 2275 482 2319 suum
513 2277 798 2332 experirentur
823 2311 838 2333 ,
875 2297 898 2322 a
924 2280 1069 2336 quibus
1093 2282 1119 2325 fi
1139 2299 1144 2342 ᾗ
1168 2285 1376 2339 probem,
1407 2302 1530 2342 quam
1565 2287 1589 2329 si
1625 2287 1751 2331 vitam
1786 2285 1989 2340 impuram
2012 2289 2202 2334 cumim-

86 2346 158 2387 per
183 2347 278 2387 opes
300 2333 343 2376 δε
367 2332 544 2389 gratiam
575 2349 791 2389 arceantur
813 2367 828 2389 ,
867 2338 1009 2381 eadem
1034 2340 1117 2382 affi-
1167 2357 1265 2396 pura
1293 2343 1471 2388 distione
1503 2344 1787 2396 conjunxeris!
1820 2345 1921 2386 Non
1951 2360 2114 2398 verear,
2147 2363 2199 2392 ne

85 2389 439 2442 ciunturinjuria‚
475 2390 586 2447 quafi
609 2392 714 2438 vi&
737 2393 864 2436 armis
884 2394 1015 2445 ajusta
1030 2396 1117 2449 pos·
1166 2400 1387 2456 quicquam
1419 2417 1486 2446 me
1517 2402 1668 2455 fingere
1700 2400 1933 2455 suspiceris,
1962 2417 2057 2445 cum
2081 2402 2199 2456 hujus

86 2446 248 2489 sessione
279 2447 579 2499 dejicerentur:
613 2465 708 2493 cum
740 2451 925 2494 humano
951 2451 1113 2495 divino·
1136 2504 1141 2510 ι
1165 2454 1442 2512 improbitatis
1473 2471 1591 2515 atque
1618 2458 1785 2513 stuporis
1818 2457 2198 2517 speetatoripsemet

83 2502 258 2557 quejure
282 2505 538 2559 magistratus
558 2505 603 2549 &
628 2506 834 2560 honores,
865 2524 948 2551 non
971 2511 1115 2564 opibus
1135 2511 1142 2569 ξ
1163 2512 1288 2561 fueris
1323 2545 1335 2564 ,
1378 2531 1426 2559 ac
1458 2531 1529 2571 pro
1562 2529 1629 2560 tua
1671 2515 1853 2558 dot‘irina
1885 2515 1929 2557 &
1958 2515 2197 2572 integritate

82 2559 127 2602 ὃ(
146 2560 302 2615 gratia,
335 2562 396 2605 sed
426 2562 645 2608 virtutibus
673 2565 718 2608 8<
745 2565 871 2608 literis
893 2566 1112 2610 decernan-
1133 2573 1142 2598 ὅ
1165 2570 1430 2625 reprehensor
1457 2589 1470 2625 3
1514 2574 1603 2617 imo
1646 2588 1743 2616 vero
1786 2571 1915 2615 etiarn
1964 2574 2198 2631 exagitator

80 2627 147 2658 tui·
166 2648 175 2658 .
210 2621 295 2670 At,
327 2619 432 2674 quod
456 2635 627 2664 omnem
654 2621 761 2677 spem
791 2622 918 2667 literis
938 2624 1112 2679 adimit,
1158 2626 1202 2670 &
1235 2628 1361 2671 hostis
1386 2630 1607 2674 acerrimus
1635 2663 1644 2674 .
1687 2631 1757 2672 Tu
1801 2641 1940 2672 tamen
1971 2630 2019 2675 de
2051 2633 2194 2678 nostris

80 2674 336 2729 temporibus
367 2678 676 2732 corruptissimis
706 2711 718 2733 ,
750 2680 792 2722 in
823 2695 912 2736 quae
942 2696 1017 2724 nos
1046 2683 1109 2725 in·
1130 2689 1138 2738 ς’
1159 2683 1336 2738 ingeniis
1364 2701 1415 2730 ex
1449 2687 1596 2732 horum
1630 2685 1829 2740 stultitia,
1861 2686 2016 2741 quaeso,
2051 2704 2100 2732 ne
2131 2689 2194 2741 ju-

79 2730 252 2774 cidimus
283 2763 296 2784 ,
342 2733 468 2775 virtus
499 2733 542 2776 δι
573 2735 757 2779 ἀοθτίηα
788 2752 873 2780 non
904 2751 994 2781 tam
1026 2748 1135 2789 me-}
1156 2740 1264 2788 dices
1289 2774 1300 2786 .
1343 2745 1458 2788 Nam
1490 2758 1534 2788 ut
1568 2744 1638 2788 loli
1671 2746 1897 2789 ubertatem
1930 2744 2144 2790 admireris
2176 2779 2189 2801 ,

77 2787 156 2831 rita
176 2787 280 2830 ‘sunt
308 2819 320 2842 ‚
353 2804 475 2844 quam
508 2790 647 2834 odium
680 2791 723 2836 δι
752 2793 970 2848 molesti-a,
1011 2790 1135 2840 euml
1164 2797 1209 2842 in
1242 2800 1409 2846 incuhis
1439 2803 1545 2856 agris
1575 2819 1620 2846 ac
1652 2817 1775 2857 prope
1807 2800 1998 2855 desertis,
2031 2803 2096 2845 ubi
2118 2803 2188 2845 do-

76 2845 399 2902 potentiores&
429 2845 735 2901 opulentiores,
765 2851 835 2906 qui
868 2851 1107 2908 plerumque
1126 2878 1132 2902 ρ
1154 2855 1383 2902 &unarum
1416 2852 1568 2905 radices
1599 2857 1892 2914 negliguntur,
1924 2856 2091 2916 C'atque
2107 2860 2187 2902 uti-

75 2901 353 2957 voluptatibus
385 2903 600 2959 indulgent
631 2935 644 2959 ,
699 2921 749 2948 ne
778 2907 905 2951 tacite
938 2909 1001 2952 sua
1033 2910 1105 2954 sibi
1153 2927 1251 2956 nam
1284 2930 1369 2958 non
1402 2917 1661 2961 evellantur!
1694 2918 1710 2968 )
1744 2916 1910 2972 ingenia
1944 2914 2082 2968 sponte
2117 2916 2182 2960 sua

48 2957 218 3004 'desidia
250 2962 513 3015 exprobretur
538 2991 550 3014 ,
600 2961 793 3006 doetrinae
826 2964 959 3008 lucem
991 2965 1106 3010 &sa-
1150 2970 1358 3025 pullulant
1384 3004 1397 3025 ‚
1429 2973 1472 3016 δι
1501 3006 1513 3026 ,
1555 2973 1582 3016 si
1614 2988 1779 3029 pravam
1814 2972 2146 3017 consuetudinem
2168 3004 2183 3026 ‚

62 3016 241 3074 „pientiae
274 3016 441 3064 faciem.
463 3017 730 3062 reformident
759 3049 769 3061 .
812 3021 932 3076 Quod
964 3021 989 3064 fi
1022 3022 1106 3076 pri-
1150 3028 1352 3084 effugiant
1377 3061 1389 3082 ,
1420 3043 1491 3073 aut
1523 3042 1680 3073 mature
1712 3029 2078 3083 animadvertant,
2111 3045 2182 3087 per

76 3086 168 3118 vata
201 3089 382 3129 unquam
415 3074 655 3119 ametor-itate
688 3076 915 3122 barbariem
937 3077 1102 3125 inseete·
1153 3084 1186 3128 se
1218 3086 1463 3133 mirabiliter
1492 3088 1707 3133 enituntur
1737 3087 1780 3129 δί
1803 3085 2085 3131 efflorescunt:
2119 3097 2178 3139 ut,

183 3131 283 3185 Jam'
314 3133 525 3176 Gravinae.
558 3134 672 3177 Tom„
697 3135 756 3179 ΙΙ.
1745 3143 1787 3185 V
2078 3143 2185 3202 quod
