2451 3470
689 32 1659 87 OPUSCULA.
2167 48 2255 120 57„

105 107 147 150 ἆ
182 104 456 160 voluptatibus
488 134 500 157 ,
548 102 692 160 quibus
726 105 969 161 indulgent,
1001 105 1069 148 suo
1092 103 1142 148 ‘&
1189 106 1374 160 supplicii
1407 121 1429 146 a
1458 105 1622 159 publica
1656 101 1809 157 salute,
1840 119 1926 168 quae
1945 105 2119 164 singulos
2133 125 2236 157 tue-0
2274 144 2278 147 ,

102 163 280 206 aliorum
312 163 560 205 detrimento
592 161 634 204 in
650 162 832 205 maxima
847 162 1022 215 pericula
1043 177 1141 203 con-
1161 127 1278 224 itur,
1313 177 1514 204 novorum
1547 161 1771 204 criminum
1796 163 2247 226 periculapropulsen-'

99 218 326 269 ijciuntur.
369 221 422 273 Q

100 275 178 318 fuit
210 275 253 317 δι
285 275 441 318 ratione
473 273 678 329 provisum
709 303 721 326 ,
953 328 961 333 .

95 331 262 388 quisque
307 331 420 374 suum
465 330 627 386 propria
659 329 834 374 utilitate
866 345 912 371 ac
944 328 1134 373 facultate

94 388 341 431 metirentur
368 419 380 440 ,
423 386 711 442 cupiditatibus
752 384 954 447 diiira5tos
995 400 1132 439 perpe-

94 456 166 488 tuo
197 443 475 487 consuetarum
509 443 587 495 iri,
618 459 663 487 ac
687 451 880 485 omnium
905 441 1131 505 saluternin

93 501 242 543 assiduo
276 499 455 555 periculo
486 499 656 552 versari3
690 509 896 552 propterea
913 497 1129 561 sapientia,

92 556 172 600 five
204 556 340 599 adulta
373 557 503 608 ratio,
539 556 603 598 sua
633 555 777 612 cuique
791 569 924 597 rerum
941 568 1128 608 portione

90 613 241 656 tributa
262 645 274 668 ‚
306 627 351 656 ut
365 613 600 666 intestinum
614 612 655 653 &
670 624 884 672 externum
901 610 1125 663 periculum

30 701 35 704 >
85 682 264 723 arceret,
299 670 531 712 societatem
564 667 790 718 conflavit,
821 678 942 720 utque
974 668 1125 710 confla-

83 740 170 769 tam
206 727 436 769 societatem
464 733 850 778 perpetuotueretur
870 753 882 773 ,
914 723 1035 765 civile
1052 724 1122 765 bo-

82 798 183 826 nurn
233 781 391 834 propria
432 781 474 822 δε
523 778 737 822 communi
771 778 949 821 utilitate
977 779 1122 822 defini-

80 840 165 881 vit.
199 840 292 892 Quo
327 851 425 879 vero
457 834 707 889 singulorum
738 833 782 877 &
813 850 1034 879 commune
1049 837 1118 879 bo-

79 909 180 937 num
214 892 417 947 perpetuis
450 891 626 934 vinculis
657 890 966 943 contineretur,
999 893 1118 937 certis

78 949 329 1005 pactionibus
386 948 675 992 constituendis
730 960 850 1003 atque
904 948 1114 994 firmandis

76 1008 186 1049 suam
219 1006 383 1061 quisque
415 1005 671 1048 voluntatem
696 1004 1035 1058 contribuerunt,
1067 1022 1114 1051 ac

72 1064 117 1106 in
149 1061 331 1106 medium
363 1062 543 1117 proprias
570 1061 778 1104 contulere
793 1059 1036 1116 facultates,
1069 1076 1112 1106 ut

70 1135 119 1163 ex
151 1120 344 1161 omniurn-
374 1119 655 1162 voluntatibus
686 1117 730 1161 &
763 1117 1021 1161 facultatibus
1040 1134 1110 1163 eo-

70 1178 163 1219 dem
210 1176 509 1219 confluentibus
551 1174 710 1230 publica
755 1174 943 1218 voluntas
972 1176 1105 1220 exori-

71 1245 180 1276 retur
210 1263 222 1284 ,
254 1232 296 1274 δι
329 1232 484 1274 summa
516 1232 684 1286 potestas
719 1247 728 1272 :
776 1247 948 1288 quarum
978 1232 1105 1276 altera

64 1289 169 1333 dieta
201 1288 265 1331 lex
299 1288 377 1341 est,
411 1290 485 1330 sive
518 1288 752 1331 communis
785 1291 888 1332 ratio
908 1320 921 1340 ,
953 1289 1015 1332 vel
1044 1290 1099 1333 ci·

65 1346 158 1389 vilis
191 1344 407 1400 sapientia,
438 1345 480 1388 <St
513 1344 673 1399 publica
690 1343 971 1400 philosophia:
1003 1346 1105 1389 alte-

66 1417 110 1445 ra
142 1400 391 1456 imperium,
423 1401 501 1445 five
535 1403 659 1444 virtus
692 1433 704 1455 ‚
736 1402 779 1445 δι
811 1402 980 1446 facultas
1012 1404 1104 1446 uni-

64 1459 293 1503 versorum.
326 1459 465 1514 anue
497 1473 581 1501 non
614 1459 856 1514 sapientibus
876 1491 888 1511 ,
921 1459 985 1502 sua
1011 1461 1100 1515 qui²

62 1517 135 1559 bus
166 1514 268 1558 ratio
299 1514 363 1558 lex
396 1515 448 1557 est
478 1515 520 1558 δι
550 1515 775 1570 imperium
801 1548 812 1569 ,
845 1516 904 1559 sed
937 1516 986 1560 iis
1013 1517 1101 1559 sunt

58 1572 185 1628 posita
217 1570 475 1623 coercendis,
507 1572 554 1614 ad
587 1572 762 1626 quorum
796 1573 956 1616 animos
986 1589 1099 1618 com-

57 1629 266 1683 ponendos
299 1629 402 1671 ratio
435 1643 517 1670 non
551 1629 689 1682 valet,
723 1641 791 1681 ut,
824 1644 911 1685 quae
940 1643 1097 1685 pertur-

58 1686 168 1728 batio
200 1686 359 1740 propria
393 1685 547 1740 ratione
580 1700 662 1728 non
682 1686 941 1741 reprimitur,
971 1687 1100 1743 ratio-*

55 1757 106 1784 ne
139 1758 185 1784 ac
216 1743 406 1797 potestate
441 1741 627 1796 publica,
659 1742 701 1785 ὅς
721 1742 812 1786 'alia
846 1743 988 1793 majori
1008 1760 1095 1797 per-

55 1800 285 1841 turbatione
305 1829 317 1850 ,
350 1814 495 1853 nempe
529 1798 675 1841 mortis
705 1799 747 1842 &
780 1815 994 1853 poenarum
1010 1817 1119 1863 me·-

57 1867 100 1898 tu
128 1887 141 1908 ‚
190 1854 451 1898 contineatur
481 1887 491 1898 .
535 1857 703 1898 Etenim
745 1857 793 1900 ad
836 1858 1094 1911 importunos

57 1912 223 1955 morbos
236 1912 484 1955 medicinam
500 1912 736 1956 adhibemus
751 1915 843 1968 saepe
857 1914 1092 1968 tristiorem,

52 1968 96 2011 &
141 1969 209 2012 ubi
244 1967 389 2012 vulnus
420 1968 615 2012 fomentis
649 1984 731 2011 non
765 1970 924 2014 levatur
954 2003 967 2026 ,
1012 1971 1090 2015 fer-

49 2040 140 2067 rum
176 2024 338 2068 tandem
369 2026 411 2068 ὅ(
444 2026 583 2080 ignem
615 2026 905 2070 admovemus.

107 2082 222 2124 Hinc
268 2097 317 2125 ex
369 2081 521 2136 placida
552 2083 595 2125 ὅ(
628 2084 1105 2148 inermisarmataprog

47 2137 121 2180 diit
174 2139 217 2181 δε
259 2138 471 2192 imperiosa
517 2138 709 2194 sapientia
736 2172 748 2193 ,
791 2140 902 2192 cujus
947 2157 985 2183 vr
1036 2142 1081 2184 li-

48 2196 177 2238 bertas
210 2196 338 2238 nostra
371 2195 810 2250 minime-praecipitur
841 2228 851 2239 ,
884 2197 1083 2252 quoniam

46 2267 92 2294 ea
124 2253 289 2306 potestas
320 2252 456 2294 extitit
489 2266 535 2293 ex
560 2253 935 2297 confusisomnium
957 2253 1083 2298 facul-

44 2308 196 2351 tatibus
222 2340 234 2362 ‚
278 2309 322 2352 ὃς
356 2306 417 2350 lex
453 2308 980 2366 universorumvcomplexa
1014 2325 1082 2354 vo·

48 2364 223 2407 luntates
253 2397 264 2417 ‚
307 2364 554 2418 singulorum
600 2366 804 2408 rationem
838 2367 878 2409 &
914 2369 1076 2421 potesta·

42 2435 128 2463 tem
159 2422 201 2464 in
234 2423 268 2464 se
301 2422 384 2475 ipsa
416 2421 598 2463 conditas
632 2436 822 2475 perpetuo
842 2423 1078 2467 conservat:

45 2478 148 2520 unde
191 2478 258 2532 qui
304 2477 389 2531 lege
435 2477 633 2531 premitur
658 2510 671 2530 ,
713 2494 794 2520 non
840 2480 972 2523 aliena
1008 2482 1079 2534 vi,

43 2534 102 2577 sed
145 2533 209 2576 sua
258 2549 391 2589 potius
438 2535 601 2587 imperii
648 2535 835 2589 portione
879 2529 1108 2598 guberna-l

283 2593 285 2595 '
676 2593 681 2598 '
1101 2599 1196 2648 ines
1230 2600 1383 2645 ducunt
1421 2603 1642 2648 utilitatem
1671 2620 1681 2644 :

1102 2654 1225 2712 {opus
1259 2658 1539 2702 universorum
1575 2691 1586 2712 ,
1639 2660 1887 2716 singularum
1925 2676 2062 2710 tamen
2103 2687 2169 2713 ur-

40 2602 105 2633 tur
132 2621 141 2631 .
183 2591 385 2643 Quocirca
440 2606 629 2637 omniurn
673 2594 834 2635 interest
879 2594 978 2636 tueri
1026 2594 1081 2637 le-

38 2662 143 2700 ges,
211 2648 351 2698 utpote
406 2647 619 2690 vinculum
678 2648 848 2703 publicae
903 2650 1079 2703 salutis,

37 2719 116 2759 qua
162 2702 428 2757 unusquisqne
461 2703 658 2759 intelligit
691 2706 891 2748 contineri
927 2707 1035 2749 suam
1065 2739 1073 2749 .

35 2760 124 2802 Ubi
179 2760 292 2803 enim
337 2760 523 2801 homines
568 2773 711 2804 mutuo
754 2763 948 2816 compulsi
996 2779 1078 2806 me-

38 2828 82 2858 tu
136 2829 419 2858 convenerunt
467 2816 509 2856 in
543 2816 749 2860 civitatem
779 2851 790 2868 ,
839 2821 971 2870 portio
1007 2821 1079 2863 suae

34 2874 81 2916 fit
129 2872 294 2927 quisque
330 2871 558 2925 reipublicae
588 2903 599 2923 ,
643 2873 752 2924 cujus
785 2876 1079 2927 commodum,

39 2929 292 2983 privatorum
328 2928 567 2970 criminibus
602 2931 824 2979 relciflum,
856 2936 1077 2985 eorundem

42 2985 95 3029 est
137 3000 260 3042 poena
306 2986 553 3029 laurentium
581 3016 593 3038 ,
638 2998 680 3028 ut
721 2987 910 3043 exemplo
956 2991 1078 3053 alieni

1103 2481 1169 2527 3&
1211 2486 1477 2531 discrepantes
1516 2489 1554 2531 su

414 219 580 262 uoniam
625 217 748 272 igitur
792 218 861 260 usu
883 228 1138 271 compertum
1186 231 1275 261 tur.
1310 217 1404 262 Ideo
1436 217 1608 260 conditis
1641 215 1799 272 legibus
1824 249 1837 270 ‚
1868 217 1911 259 δε
1936 222 2222 276 imperiocon-

767 272 955 315 homines
976 304 988 325 ,
1020 272 1045 314 fi
1079 271 1137 323 jus
1184 274 1320 318 stituto
1343 305 1355 328 ‚
1405 273 1459 318 rei
1510 273 1837 319 administranda:
1870 275 1975 317 ratio
2006 283 2219 332 quaerenda

1182 330 1287 385 fuit,
1317 330 1422 374 unde
1455 329 1615 385 publica
1648 331 1815 387 potestas
1846 330 1910 374 vel
1943 332 1990 374 ad
2022 334 2218 389 Optima..

1181 399 1238 430 tes
1268 386 1496 440 adscendit,
1528 387 1591 430 vel
1624 387 1810 431 consedit.
1835 386 1881 431 in
1905 388 2116 445 Principe,
2151 394 2215 440 vel

1178 443 1338 487 tributis
1368 445 1582 488 communi
1615 445 1808 489 consensu
1839 444 2015 500 partibus
2048 463 2118 501 per
2131 449 2212 493 fin·

1175 499 1290 555 gulos
1333 500 1492 545 ordines
1523 502 1748 556 permeavit
1774 534 1784 546 .
1834 503 1936 558 Quae
1967 505 2135 558 potestas
2164 507 2214 555 ad

1175 572 1442 602 communem
1475 557 1704 604 utilitatem
1738 558 1899 614 publica
1919 560 2215 607 voluntatein-

1174 612 1337 664 stituta,
1368 613 1396 657 fi
1429 614 1599 668 publicae
1614 617 1749 660 salutis
1767 617 2039 672 detrimento,
2074 619 2211 665 &sim

1171 668 1363 721 gulorum
1392 670 1567 725 injuria,
1600 672 1664 716 vel
1694 674 1742 717 ad
1775 673 1921 729 unius,
1952 675 2016 719 vel
2048 676 2097 718 ad
2111 693 2211 732 pau-

1170 741 1311 770 corum
1344 726 1567 772 utilitatem
1599 730 1886 786 detorqueatur
1917 764 1931 786 ‚
1973 732 2114 776 eodem
2149 751 2212 780 re-

1169 782 1374 826 volvitur.
1406 785 1530 828 Abest
1560 786 1673 830 enim
1692 788 1732 830 >a*
1761 789 1974 842 tyrannide
1987 791 2200 836 consensus

1165 838 1474 900 universorum,
1507 840 1588 887 fine
1618 858 1700 898 quo
1733 845 1894 889 nullum
1928 858 2062 891 ratum
2093 849 2204 895 est&

1162 895 1309 945 justum
1339 896 1566 951 imperium
1590 931 1599 942 .
1645 901 1766 944 Unde
1797 933 1809 954 ,
1841 903 1947 957 quod
1980 906 2202 950 commodo

1161 951 1315 997 civium
1347 953 1434 997 fieri
1467 957 1614 1010 possit,
1647 957 1891 1003 licebitsane
1905 961 2203 1018 rem'publicam

1159 1024 1182 1051 a
1213 1009 1396 1063 praedone
1428 1024 1606 1065 repetere
1626 1045 1638 1067 ,
1673 1029 1723 1057 ne
1754 1017 1995 1061 cunetorum
2027 1034 2121 1074 opes
2154 1021 2199 1064 &
2229 1020 2233 1022 ⁴

1166 1064 1266 1128 salus
1308 1082 1529 1121 paucorum
1561 1082 1631 1113 aut
1661 1070 1780 1115 unius
1811 1074 2098 1128 cupiditatibus
2132 1076 2198 1119 vel

1163 1120 1400 1167 libidinibus
1428 1125 1704 1170 devoveantur
1723 1160 1732 1169 .
1766 1130 1936 1175 Etenim
1970 1147 2029 1175 res
2060 1133 2113 1175 est
2144 1133 2198 1176 sa-

1157 1180 1361 1223 crosaneh
1406 1180 1572 1226 libertas
1611 1183 1654 1227 ὃ(
1702 1184 1832 1228 divini
1865 1186 1962 1238 juris
1996 1219 2008 1242 ,
2049 1190 2200 1244 quippe

1155 1235 1345 1279 humanae
1375 1253 1396 1280 a
1429 1240 1521 1282 Deo
1553 1239 1765 1296 implicata
1797 1256 1950 1287 naturae
1979 1276 1991 1297 ,
2024 1258 2067 1288 ut
2098 1261 2194 1291 eam

1154 1304 1310 1337 tentare
1353 1293 1478 1337 scelus
1526 1295 1573 1338 sit
1604 1328 1617 1350 ,
1662 1296 1838 1353 impium
1862 1300 2193 1355 circumvenire,

1151 1365 1348 1404 occupare
1381 1351 1611 1396 nefarium.
1644 1355 1699 1396 Et
1728 1358 1894 1409 contra,
1927 1357 2096 1412 publicae
2114 1359 2193 1401 uti-

1152 1404 1280 1449 litatis
1312 1408 1426 1451 causa
1456 1408 1519 1460 jus
1550 1409 1604 1453 est
1639 1411 1889 1466 Principibus
1921 1427 2038 1469 atque
2055 1429 2198 1469 poten-

1151 1463 1351 1518 rioribus,
1384 1465 1519 1521 legum
1549 1468 1635 1510 vim
1669 1467 1792 1511 arinis
1816 1470 1858 1512 ἃ
1883 1471 2119 1515 &infimitate
2135 1488 2196 1515 re-

1152 1519 1337 1571 stituere,
1374 1521 1399 1564 fi
1429 1521 1569 1571 justam
1599 1523 1830 1570 libertatem
1862 1527 2031 1572 effusiori
2065 1530 2191 1572 licen-

1149 1577 1207 1619 tia
1238 1576 1463 1623 multitudo
1493 1583 1742 1634 corruperit.

1203 1634 1398 1688 Suprema
1442 1651 1536 1680 vero
1568 1639 1734 1690 potestas
1766 1671 1778 1692 ‚
1815 1641 1895 1685 five
1923 1641 1963 1684 in
1991 1643 2144 1698 Populo
2168 1675 2181 1695 ‚

1155 1690 1232 1734 five
1263 1691 1305 1733 in
1338 1692 1651 1755 Optimatibu8‚
1685 1695 1830 1740 sivein
1864 1699 2077 1755 Principe,
2111 1703 2191 1747 five

1146 1763 1218 1802 pro
1268 1748 1332 1791 sua
1364 1749 1549 1806 cujusque
1582 1752 1770 1806 portione
1800 1755 1985 1799 consistat
2017 1757 2059 1800 in
2091 1775 2184 1803 om..

1145 1805 1289 1858 nibus,
1320 1806 1549 1862 explicatur
1574 1824 1641 1861 per
1665 1811 1918 1863 magistratus
1944 1813 1986 1856 &
2007 1813 2182 1874 judices,

1146 1862 1336 1906 adhibitis
1383 1865 1427 1907 in
1472 1865 1688 1910 confilium
1734 1868 2067 1925 Jurisconsultis,
2108 1878 2179 1929 qui

1142 1919 1230 1962 sunt
1262 1920 1398 1975 legum
1426 1938 1542 1966 voces
1570 1954 1583 1975 ,
1614 1924 1660 1965 &⁷
1682 1924 1787 1974 Juris
1812 1926 1986 1971 custodes
2017 1958 2030 1982 ,
2061 1944 2182 1985 atque

1141 1976 1308 2026 Juslitiae
1341 1978 1556 2023 sacerdotes
1591 2011 1600 2021 .
1632 1982 1754 2024 Hanc
1778 1995 1913 2026 autem
1946 1985 2176 2035 universam

1138 2033 1338 2076 rationem
1367 2035 1538 2088 publicae
1558 2037 1868 2092 tranquillitatis
1883 2042 2174 2094 prudentissimi

1136 2088 1273 2140 legum
1303 2090 1450 2134 latores
1471 2124 1482 2144 ,
1506 2106 1549 2134 ut
1580 2093 1820 2147 populorum
1844 2110 1984 2139 natura
2002 2099 2178 2157 ferebat,

1134 2144 1363 2190 formarunt
1382 2152 1536 2201 ,Iatque
1562 2149 1791 2204 flexerunt,
1824 2153 1865 2194 ὅτ.
1893 2155 1938 2195 ad
1955 2155 2039 2198 suos
2053 2159 2180 2210 cujus-

1131 2215 1208 2255 que
1246 2204 1423 2259 regionis
1454 2205 1496 2248 ὅ(
1522 2205 1716 2259 temporis
1747 2211 2140 2259 mores-derivarunt
2162 2250 2172 2260 .

1131 2258 1246 2312 Hinc
1272 2293 1284 2313 ,
1327 2264 1519 2316 quamvis
1567 2272 1690 2306 unam
1732 2266 1924 2309 omnibus
1958 2268 2174 2317 honestatis

1129 2315 1469 2362 informationem
1522 2332 1666 2362 natura
1707 2320 1866 2364 dedisset
1892 2356 1903 2375 ,
1953 2326 2069 2371 vultu
2111 2345 2172 2373 ta-

1129 2387 1225 2414 men
1276 2390 1323 2418 ac
1370 2376 1494 2431 specie
1550 2377 1724 2419 minime
1769 2380 1871 2433 apud
1913 2397 2055 2427 omnes
2096 2403 2167 2430 ex-

1130 2429 1321 2480 primitur
1375 2433 1511 2476 eadem
1557 2464 1568 2484 ‚
1614 2449 1659 2475 ac
1719 2434 1881 2478 diversae
1924 2442 2168 2495 populorum

1560 2501 1606 2531 nt
1640 2490 1747 2533 inter
1784 2491 1818 2534 se
1860 2493 1965 2549 leges
2000 2529 2012 2548 ‚
2068 2516 2170 2554 quo-

1129 2542 1240 2584 niam
1297 2561 1377 2588 non
1428 2546 1566 2589 iisdem
1620 2562 1668 2590 ex
1723 2547 1904 2593 fontibus
1939 2554 2045 2596 suam
2082 2573 2172 2600 om·

1729 2619 1902 2662 cumque
1947 2625 2074 2655 unum
2117 2615 2164 2658 sit

1103 2711 1241 2773 {bium
1272 2718 1452 2767 regimen
1483 2732 1554 2770 pro
1582 2731 1814 2772 temporum
1844 2721 1884 2762 St
1910 2737 2074 2768 morum
2098 2743 2167 2769 va-

1101 2801 1107 2830 2
1130 2782 1269 2813 rietate
1301 2772 1558 2823 distinguitur
1585 2806 1594 2816 .
1626 2775 1728 2816 Sane
1754 2776 1898 2825 Judaeis
1918 2810 1930 2829 ,
1961 2796 2082 2836 quern
2117 2785 2164 2826 si-

1103 2824 1165 2867 ‘bi
1210 2828 1404 2880 populum
1452 2832 1559 2874 Deus
1600 2831 1703 2874 olim
1748 2832 1888 2875 habuit
1933 2839 2165 2892 eximium,

1102 2878 1374 2927 llex.divinis
1406 2900 1565 2941 promta
1598 2887 1675 2930 fuit
1706 2889 1907 2941 oraculis,
1940 2907 2160 2951 eorumque

1104 2939 1309 2992 ¹regimen
1343 2943 1460 2991 ipsius
1492 2944 1721 2986 divinitatis
1756 2961 1851 2990 voce
1866 2949 2158 2995 const2tutum:

1103 2994 1232 3039 {unde
1287 2999 1389 3043 refi’te
1435 3001 1630 3057 josephus
1670 3002 1897 3100 Jup-iaeorum
1944 3009 2163 3062 rempub-‘i-

2076 3080 2168 3110 CA'C'Z
