2451 3470
703 77 1680 137 OPUSCVU-LA.

156 157 440 202 ministrorum
474 170 543 197 ora
577 155 641 198 sua
673 154 792 197 ducat
825 151 988 197 oracula
1010 182 1022 204 ‚
1056 150 1097 193 &
1125 165 1191 193 ve-

155 228 292 259 terum
338 213 540 256 virtutum
594 228 640 255 ac
703 212 939 254 divinorum
981 207 1191 271 exemplo-

152 288 246 316 rum
279 271 515 315 auuoritaie
547 269 787 322 novitatem,
806 268 954 311 obruat
977 276 1189 314 vitiorum,

153 345 240 386 quae
272 331 321 372 ab
355 328 594 371 hominibus
626 339 715 370 orta
751 358 764 379 ,
817 325 940 369 sacras
971 335 1109 384 tamen
1144 321 1190 363 ad

154 387 272 439 hujus
290 385 481 430 Ecclefiae
515 386 621 441 leges
652 397 868 438 nunquam
893 378 1187 436 perrepserint.

156 445 372 499 Populus,
414 442 526 494 cujus
571 442 623 493 ab
650 440 886 496 opulentia
929 437 972 480 &
1021 451 1192 498 numero

154 502 346 546 securitas
372 501 580 557 procedit,
613 499 655 541 ἂ
673 497 887 552 opulentia
908 506 1191 557 princtpatus,

133 571 324 614 *augetur
359 556 590 614 frequentia
623 555 925 599 connubiorum
960 551 1047 616 3&
1080 550 1190 593 insti-

156 617 319 660 tutione
374 614 723 659 commerciorum
772 628 818 655 ac
866 609 1146 673 nundinarum
1177 638 1191 659 ‚

157 674 406 730 honestaque
441 672 629 715 libertate
660 670 850 712 ludorum
881 701 896 721 ‚
929 682 998 723 qui
1031 680 1191 708 civium

162 731 338 785 laetitia‚
367 731 413 773 &
447 728 643 773 concursu
670 740 910 770 exterorum
942 724 1192 786 ditant-,tor-

159 802 261 832 nant
293 820 306 839 ‚
359 788 402 829 ἃ
446 784 726 840 multiplicant
772 782 945 825 Urbes.
989 779 1194 822 Civilibus

154 862 253 890 vero
286 843 592 898 Magistratibiis
623 840 753 883 Curia
784 838 1074 890 constituitur,
1107 851 1193 899 quee

155 901 287 946 laudis
336 913 456 954 atque
500 897 758 942 auffioritatis
805 894 1193 956 plurimum-duxit

154 977 179 1003 a
212 958 341 1014 gloria
374 957 585 999 literarum
614 987 626 1008 ,
667 956 710 997 ὃς
754 970 775 996 a
809 954 953 1009 peritia
984 950 1196 1014 eiyffis&

160 1014 366 1060 Pontificii
402 1013 496 1065 juris
522 1046 534 1067 ,
577 1025 697 1067 atque
729 1028 749 1054 a
785 1011 993 1054 {antistare
1024 1009 1190 1059 iudicio-

156 1089 277 1124 rum,
311 1088 485 1128 quorum
519 1070 668 1122 justitia
694 1101 704 1122 ,
734 1069 826 1112 fides
860 1101 870 1122 ,
902 1069 945 1111 Sc
977 1066 1144 1121 aequitas
1176 1080 1194 1107 e

161 1129 306 1193 patriis
340 1128 612 1174 tribunalibus
645 1126 906 1170 convellebat
928 1126 1061 1169 causas
1081 1157 1092 1178 ‚
1116 1125 1194 1166 Ro-

160 1187 356 1243 mamque
389 1199 482 1242 pert
502 1185 651 1229 abebat

217 1248 317 1289 Haec
349 1258 487 1287 autem
514 1275 530 1297 ,
577 1257 661 1285 non
701 1257 726 1284 ·e
771 1240 862 1284 solis
894 1240 1052 1283 civibus
1084 1253 1197 1281 com-

158 1297 335 1361 ponitur
362 1334 374 1355 ,
410 1302 469 1344 secl
501 1316 550 1344 ex
585 1298 774 1356 gentibus
807 1298 1000 1342 universis
1033 1297 1079 1338 ad
1115 1296 1194 1337 Ur-

157 1362 218 1404 bis
247 1392 258 1414 ‚
303 1359 345 1402 &
378 1358 568 1402 Ecclesiae
613 1357 795 1411 regimen
847 1355 1154 1399 confluentibus
1187 1367 1198 1404 3

163 1418 264 1461 adeo
297 1429 340 1458 ut
371 1416 500 1458 Curia
526 1447 538 1467 ‚
590 1430 678 1470 quae
719 1429 865 1469 corpus
896 1414 949 1457 est
981 1414 1198 1456 Sacrorum

163 1475 206 1518 &
241 1472 448 1516 Civilium
490 1487 713 1527 munerum
739 1503 753 1525 ,
803 1471 889 1515 suos
931 1471 974 1515 in
1009 1472 1201 1513 humeros

163 1529 361 1574 sustulerit
395 1532 635 1573 Romanum
669 1528 947 1572 Sacerdotium
991 1528 1035 1571 ὅτ.
1069 1528 1199 1579 Popu-

160 1587 250 1631 lum
269 1619 289 1642 ‚v
313 1602 489 1643 quorum
523 1587 768 1635 alterutrum
802 1587 976 1630 seorsum
1010 1585 1058 1628 ab
1072 1583 1201 1628 altero

159 1645 390 1700 susceptum
411 1675 422 1696 ‚
454 1643 481 1687 fi
513 1645 796 1700 gravissimum
827 1660 875 1688 ac
906 1641 1199 1688 difficillimum

160 1702 268 1746 foret
299 1702 345 1744 ad
380 1701 778 1755 administrandum,
809 1703 909 1758 quid
942 1702 1108 1753 oneris,
1139 1711 1222 1742 at-1

163 1775 241 1816 que
274 1758 446 1814 periculi
471 1759 553 1802 'esse
584 1762 629 1803 in
658 1771 833 1815 utroque
864 1759 1041 1815 gerendo
1066 1757 1202 1800 existi-

161 1819 366 1862 memus?
400 1815 558 1871 Quibus
593 1832 676 1860 non
709 1815 863 1860 divinis
889 1850 901 1870 ‚
934 1815 1202 1869 humanisque

159 1873 383 1917 virtutibus
404 1905 416 1927 ‚
449 1873 493 1916 δε
526 1874 658 1918 literis
688 1890 789 1930 opus
822 1875 944 1919 fuerit
978 1873 1204 1925 ministris,

161 1931 206 1975 ὃς
238 1929 541 1987 magistratibus
583 1932 667 1985 ejus
699 1932 891 1977 Ecclesiae
935 1949 980 1975 ac
1013 1929 1155 1988 populi
1191 1962 1204 1983 ,

167 2003 343 2044 quorum
385 1987 511 2032 altera
556 1990 776 2034 veritatem
808 1992 852 2034 δε
886 1989 1204 2034 sanetimoniam

165 2057 411 2093 aeternorum
446 2047 686 2091 Numinum
720 2048 919 2102 exprimit
947 2065 959 2101 3
991 2048 1092 2091 alter
1126 2045 1202 2099 pri-

166 2103 324 2146 scorum
366 2104 558 2147 omnium
589 2137 603 2157 ‚
659 2104 738 2149 sive
781 2108 1024 2150 Graecorurn
1052 2137 1066 2159 ,
1127 2103 1206 2146 five

168 2160 441 2203 Barbarorurn
486 2159 777 2206 fortitudinem
807 2195 822 2216 ‚
878 2164 1082 2214 Justitiam
1112 2193 1122 2213 ,
1164 2160 1206 2202 ἃ

167 2216 459 2273 Sapientiam,
508 2234 596 2262 non
637 2219 806 2264 vocibus
857 2221 979 2264 modo
1022 2221 1064 2264 ἃ
1116 2216 1207 2262 scri-

163 2275 246 2331 ptis
271 2306 284 2328 ‚
328 2287 376 2327 ut
417 2277 657 2321 Graecorum
698 2277 932 2334 complures
983 2275 1208 2333 praestitit3

125 2382 139 2384 Λ
168 2347 313 2376 verum
359 2332 481 2388 longa
528 2334 570 2378 δε
605 2346 795 2390 perpetua
845 2335 943 2379 serie
974 2350 1111 2380 rerum
1149 2333 1207 2376 su-

169 2405 240 2454 pra
273 2390 494 2434 mortalem
526 2391 810 2438 conditionem
842 2394 1043 2449 gestarum
1078 2389 1210 2434 antei-

168 2459 234 2490 vit
266 2447 503 2491 nationibus
532 2449 759 2505 universis3
792 2466 890 2506 quas
915 2450 1088 2507 singulas
1103 2461 1212 2492 certa

171 2504 308 2561 aliqua
341 2505 551 2562 patriaque
584 2506 734 2571 virtute
762 2505 988 2564 praestantes
1016 2536 1030 2562 -,
1079 2500 1210 2566 Popu-

1240 795 1355 826 CsstCS
1383 800 1391 822 Ξ

2161 86 2264 152 183

1238 151 1426 206 gentium
1459 149 1550 194 talis
1569 150 1724 194 oriatur
1744 149 1956 206 sobrietas,
1985 165 2108 211 atque
2127 155 2268 201 dexte-

1243 211 1337 251 ritas
1367 208 1605 252 animorum
1628 207 1672 251 <Sc
1691 222 1910 262 corporum
1926 241 1938 261 ,
1971 213 2116 265 quibus
2137 231 2267 271 neque

1239 265 1336 308 absit
1368 265 1553 322 aliquid,
1585 279 1717 321 neque
1749 264 1941 309 redundet
1968 298 1979 319 ‚
2012 270 2174 322 qualem
2207 274 2271 315 in-

1240 323 1361 379 genia
1396 334 1596 379 praeerunt
1620 325 1941 375 Romanorum,
1972 327 2117 379 qutlius
2149 344 2268 382 expe-

1241 381 1394 424 riundis
1424 382 1564 425 minus
1594 379 1799 424 miramur
1832 380 1857 424 si
1891 381 2060 424 virtutes
2082 386 2270 439 complu·

1241 453 1300 480 res
1331 451 1424 483 ante
1458 438 1694 491 inauditas,
1735 439 1778 481 &
1811 439 2009 493 praecipue
2050 439 2095 479 -τά
2135 442 2269 491 πρέπον

1240 498 1394 540 Graecis
1426 512 1525 539 voce
1560 495 1690 549 magis
1722 527 1734 548 ‚
1764 511 1888 551 quam
1922 511 1962 538 re
1998 508 2143 539 notum
2172 528 2184 549 ‚
2217 496 2275 539 la-

1242 553 1326 595 tine
1374 554 1568 597 decorum
1603 553 1646 596 &
1679 568 1843 597 morum
1893 554 2139 609 gravitatem
2167 566 2271 597 tem-

1243 610 1475 666 periemque
1535 610 1706 655 civilem
1753 613 1933 656 Romani
1982 611 2088 666 apud
2131 626 2276 654 omnes

1243 669 1434 711 mortales
1479 668 1684 711 instituere
1741 669 1904 723 primi,
1964 669 2167 725 regimine
2213 669 2279 712 suo

1242 725 1332 768 aliis
1354 758 1364 778 ‚
1410 725 1515 780 quod
1548 739 1786 781 acceperant
1819 744 1841 770 a
1876 728 2035 769 Natura
2069 726 2278 769 contribu-

1444 783 1587 825 adeout
1630 794 1849 838 antequam
1885 786 1995 827 Deus
2027 785 2127 839 Opt.
2161 785 2281 826 Max.

1243 838 1408 883 oracula
1441 840 1506 882 sua
1541 843 1684 882 Romae
1717 840 1973 893 collocaret,
2010 841 2184 885 naturali
2219 854 2278 883 ta-

1246 913 1339 939 men
1376 897 1643 940 laneiimonia
1677 898 1839 941 suorum
1875 899 2030 942 civium
2057 932 2068 952 ,
2101 900 2149 942 ad
2182 913 2281 942 con-

1244 955 1480 1004 formandos
1511 955 1684 998 aliarum
1719 955 1937 999 nationum
1964 956 2127 1000 animos
2144 959 2279 999 Roma
2333 954 2337 957 ⁷

1246 1026 1452 1056 uteretur:
1488 1027 1581 1055 cum
1615 1012 1694 1055 tale
1732 1015 1966 1056 Romanum
2002 1015 2184 1057 nascatur
2211 1013 2278 1056 in-

1244 1071 1412 1126 genium
1438 1102 1455 1134 ,³
1511 1068 1629 1125 quale
1683 1068 1860 1114 aliorum
1916 1072 2040 1128 longa
2084 1073 2151 1116 vix
2198 1084 2283 1115 arte

1249 1139 1540 1179 componitur.

1304 1185 1454 1235 Unde,
1490 1199 1538 1227 ne
1570 1199 1697 1239 genus
1728 1184 1961 1230 humanum
1995 1185 2176 1243 antiquis
2207 1185 2283 1230 suis

1247 1241 1470 1284 cultoribus
1514 1241 1696 1297 indigeat
1729 1274 1741 1296 ‚
1803 1243 2028 1297 plurimum
2077 1242 2283 1287 intereffet

1246 1300 1439 1342 omnium
1472 1299 1663 1354 gentium
1697 1315 1916 1354 provocare
1951 1301 2155 1355 praemiis,
2190 1305 2278 1344 Au-

1248 1357 1348 1413 gusti
1382 1356 1573 1410 exemplo
1598 1388 1610 1408 ‚
1652 1356 1927 1412 frequentiam
1960 1359 2002 1400 ἅ
2035 1358 2196 1412 copiam
2223 1358 2287 1401 ci-

1251 1416 1363 1458 vium
1387 1416 1673 1456 Romanorum
1692 1446 1702 1466 ,
1735 1427 1779 1457 ut
1807 1415 2154 1470 multiplicatione
2171 1431 2286 1470 corn-

1251 1472 1483 1525 mercioque
1538 1471 1708 1514 illorum
1748 1473 1922 1527 gravitas
1976 1473 2018 1515 ἃ
2070 1472 2284 1528 prudentia

1249 1545 1343 1574 cum
1389 1530 1499 1572 Orbe
1544 1530 1770 1572 Terrarum
1815 1530 2041 1583 universo,
2089 1542 2132 1573 ut
2178 1531 2283 1572 olim

1248 1587 1586 1640 communicata,
1619 1585 1663 1629 in
1683 1587 1766 1629 dies
1788 1588 2113 1644 multiplicetur,
2147 1587 2285 1637 simul-

1250 1660 1326 1702 que
1358 1643 1401 1686 in
1432 1643 1548 1686 Urbe
1583 1643 1658 1686 hac
1690 1658 1839 1692 aeterna
1886 1646 2153 1689 validioribus
2188 1645 2293 1688 viri-

1253 1704 1324 1746 bus
1366 1702 1409 1744 δί
1456 1701 1727 1745 crebrioribus
1762 1705 2048 1747 Romanarum
2084 1703 2288 1746 virtutum

1251 1758 1480 1814 exemplis,
1513 1759 1708 1802 refistatur
1727 1761 1878 1814 vitiis,
1911 1776 1998 1817 quae
2023 1761 2104 1804 liuc
2124 1760 2285 1804 extrin-

1254 1819 1360 1862 secus
1392 1815 1682 1860 convehuntur
1715 1834 1725 1859 t
1773 1818 1878 1861 unde
1925 1821 2182 1862 incremento
2215 1833 2287 1871 po-

1252 1875 1338 1930 puli
1384 1874 1606 1928 Romani,
1656 1874 1699 1917 δε
1743 1878 1878 1919 Roma
1914 1874 1998 1933 ipsa
2032 1908 2044 1929 ‚
2094 1875 2138 1918 ἃ
2169 1875 2295 1918 Orbis

1249 1935 1481 1977 Terrarum
1515 1933 1723 1975 universus
1771 1933 1933 1976 felicius
1977 1933 2290 1986 emendaretur.

1253 1993 1366 2034 Cum
1403 1992 1593 2033 Romana
1640 1990 1766 2045 igitur
1799 1991 1977 2034 Ecclesia
2020 1991 2290 2044 divinarum,

1255 2052 1469 2092 Romanus
1505 2063 1601 2090 vero
1636 2047 1804 2102 populus
1839 2049 2115 2091 humanarum
2147 2047 2291 2090 omni-

1254 2122 1325 2150 um
1357 2105 1560 2148 virtutum
1597 2105 1769 2160 segetem
1800 2105 2002 2150 ediderint
2028 2136 2039 2158 ‚
2074 2104 2296 2160 providen-

1254 2164 1351 2206 dum
1370 2162 1437 2214 ,est
1470 2160 1653 2205 maxime
1679 2194 1694 2216 ‚
1730 2179 1788 2220 πᾳ
1814 2163 1967 2207 semina
1997 2195 2012 2216 ‚
2043 2177 2132 2217 quae
2159 2161 2293 2206 adhuc

1254 2238 1277 2263 a
1311 2219 1473 2262 Natura
1509 2220 1778 2276 suggeruntur
1799 2252 1811 2275 ‚
1854 2221 2088 2264 exarescant
2111 2235 2124 2261 ς
2172 2219 2291 2276 idque

1256 2278 1485 2322 curandum
1527 2279 1581 2321 est
1630 2278 1853 2333 praesertim
1882 2277 2023 2322 Curiae
2055 2275 2251 2320 ministris
2281 2309 2295 2330 ‚

1257 2350 1358 2392 quos
1391 2334 1418 2377 fi
1453 2334 1486 2378 se
1517 2336 1687 2391 dignos,
1719 2336 1762 2379 ἃ
1792 2336 1962 2380 idoneos
1983 2334 2191 2391 utriusque
2206 2334 2295 2379 cul-

1258 2407 1366 2437 tores
1397 2392 1440 2435 &
1474 2394 1745 2439 moderatores
1778 2394 1948 2450 prestare
1983 2393 2142 2446 velint,
2171 2409 2296 2449 opor-

1261 2450 1385 2495 tuerit
1419 2465 1582 2493 rnorum
1614 2451 1903 2504 sanffitatem2
1934 2451 2205 2506 doclrinaeque
2233 2452 2296 2493 in·
2338 2456 2342 2461 '

1260 2508 1502 2565 tegritatem
1534 2523 1583 2552 ex
1613 2509 1858 2564 Apostolicis
1881 2521 2070 2565 repetere
2103 2508 2300 2562 tempor?-

175 2561 237 2605 lus
278 2563 493 2607 Romanus
531 2579 730 2617 omnium
787 2566 991 2611 virtutum
1044 2563 1213 2608 cumulo
1262 2567 1334 2609 bus
1365 2596 1377 2618 ,
1419 2566 1461 2608 δι
1494 2566 1696 2622 exemplis
1727 2566 1771 2610 8(
1804 2567 1959 2623 scriptis
1989 2583 2004 2620 3
2038 2567 2299 2622 prudentiam

173 2618 482 2676 praestantiaque
516 2621 745 2675 superavit:
777 2636 921 2678 utpote
953 2624 1021 2680 qui
1043 2623 1089 2666 ad
1113 2637 1212 2676 prae-
1264 2639 1361 2667 vero
1393 2621 1590 2677 civilem,
1625 2640 1673 2667 ex
1709 2624 1893 2669 universa
1927 2624 2130 2668 memoria
2165 2640 2299 2667 rerum

174 2675 284 2720 clara
314 2677 508 2733 terrisque
537 2680 723 2724 inaudita
768 2680 950 2724 facinora
984 2695 1122 2737 „non
1153 2680 1212 2723 so·
1259 2698 1284 2724 a
1318 2679 1568 2734 majoribus,
1602 2680 1715 2737 supra
1750 2682 1991 2726 mortalium
2026 2682 2294 2737 opinionem,

174 2734 262 2799 lum
307 2733 523 2790 disciplina
566 2737 951 2793 sapientissimorum
1007 2742 1169 2794 Regum
1205 2768 1216 2789 ‚
1238 2749 1244 2782 Ι
1266 2738 1465 2794 gestarum
1498 2769 1511 2790 ‚
1554 2738 1600 2781 ad
1633 2740 1870 2795 praesentem
1906 2739 2134 2783 utilitatem
2166 2739 2302 2783 usum-

173 2807 242 2847 qui
279 2793 567 2835 Romanarum
598 2794 875 2839 ‘victoriarum
923 2796 1078 2840 semina
1112 2794 1214 2845 iece—
1269 2811 1344 2851 que
1379 2795 1622 2849 transferre3
1654 2797 1848 2847 justitiam
1881 2798 2047 2842 tandem
2080 2797 2127 2840 ad
2160 2795 2302 2840 Eccle-

173 2860 298 2902 runt,
333 2865 462 2905 neque
497 2851 699 2893 memoria
725 2853 847 2895 modo
878 2866 1061 2898 veterum
1078 2868 1216 2896 exem·
1269 2853 1416 2897 siarum
1458 2854 1787 2910 populorumque
1828 2855 2085 2912 praesentium
2120 2854 2303 2907 regimen

175 2906 370 2962 plorum3
406 2906 466 2950 sed
497 2907 540 2950 &
561 2918 705 2958 natura
728 2908 808 2963 ipsa
829 2910 1073 2956 ducerentur
1093 2928 1101 2951 .-
1130 2925 1217 2966 quae
1266 2926 1434 2954 evocare
1461 2911 1511 2954 de
1533 2913 1767 2955 Gratianeis
1801 2913 2023 2968 priscorum
2040 2913 2263 2954 Canonum
2282 2941 2294 2961 ‚

176 2963 330 3010 coelurn
365 2963 442 3008 hoc
474 2964 533 3008 ita
565 2966 838 3020 temperavit,
871 2967 1213 3023 itaque'miscuit‚
1265 2969 1310 3011 ἂ·
1340 2967 1600 3019 Justinianeis
1646 2972 1800 3025 Legum
1848 2969 2124 3014 voluminibus
2156 2985 2165 3010 ε
2211 2983 2313 3023 (μισ,

158 3034 299 3077 ,ατςηε
332 3021 562 3078 composuit
595 3021 834 3066 coeuntium
874 3023 954 3068 huc
986 3025 1209 3069 elemento-
1268 3040 1350 3067 non
1384 3024 1507 3067 modo
1534 3027 1728 3071 iiimicos
1756 3043 2020 3071 exarmemus
2048 3026 2226 3078 nostros,
2256 3023 2302 3066 Sc

175 3093 272 3133 sum
307 3079 519 3125 facultates
550 3079 594 3124 ἃ
625 3092 786 3135 motus,
819 3092 864 3125 ut
895 3080 1093 3139 nusquam
1113 3081 1214 3126 alibi
1264 3081 1500 3128 libertatem
1552 3083 1845 3138 retineamus-v,
1893 3084 2100 3135 majorum
2149 3082 2304 3124 virtute

2212 3152 2306 3196 paf-
