2451 3470
242 161 537 260 4Caracallarri
564 226 722 259 metum
749 212 960 265 militum,
990 225 1092 267 quos
1114 209 1259 255 libera-

220 275 336 320 litate
363 274 426 317 sua
439 273 702 326 devinxerat,
734 272 903 315 Senatus
923 266 1257 331 quidem-hostem

219 331 432 389 publicum
459 347 541 374 non
569 328 763 382 judicavit
790 360 802 381 ‚
848 328 909 371 sed
947 327 1126 389 indignis
1164 343 1255 380 pro-

219 389 328 443 bris,
349 406 395 433 ac
420 388 539 432 foedis
563 385 887 431 execrationibus
908 399 1018 427 mem
1036 398 1154 425 mam
1170 414 1183 436 ‚
1214 384 1257 426 δε

218 462 375 492 nomen
409 446 604 490 laceravit
625 443 761 487 illius:
797 445 860 495 (a)
892 441 957 484 cui
984 453 1027 483 ut
1056 440 1256 484 bonorem

213 505 321 560 apud
373 504 518 550 osteros
543 500 799 546 detraheret:
834 497 1053 554 prohibitis
1083 497 1255 541 Circen-

216 562 324 606 fibus.
346 520 419 605 {lie
445 560 569 604 natali
598 559 664 601 suo
688 556 878 600 institutis
903 586 915 608 ‚
958 567 1169 608 argenteas
1201 554 1234 598 il

215 619 296 662 lius
320 633 486 672 omnes,
511 615 723 670 aureasque
749 613 890 655 statuas
916 611 1030 654 fundi
1051 610 1184 664 jussit,
1210 625 1255 655 ut

216 675 304 720 illis
337 673 675 731 liquescentibus,
705 669 814 721 ejuS‚
846 684 969 725 quem
1001 669 1252 724 potissimum

215 734 387 778 oderant
402 765 414 786 ,
447 730 668 786 insigniora
683 739 956 770 monumenta
971 726 1171 781 perirent.
1187 724 1254 778 (h)

276 792 471 846 Cumque
498 803 581 830 non
608 785 666 837 jus
697 816 709 838 ,
752 784 812 827 sed
838 783 950 826 furor
971 784 1254 826 dominaretur

214 846 406 892 militum
440 879 452 901 ,
499 845 566 900 qui
603 841 798 885 Macrino
825 840 1008 884 extinch
1036 841 1251 896 impurissi—

214 920 336 949 mum
369 903 565 947 cinaedum
587 899 856 952 extulerant3
890 898 1011 940 inviti
1039 898 1252 940 Senatores

216 975 363 1006 contra
406 959 588 1003 Macrini
634 955 882 999 memoriam
909 987 921 1008 ,
964 955 1251 998 austoritatem

219 1019 332 1062 suam
365 1017 634 1060 direxerunt:
667 1015 726 1065 (c)
757 1028 880 1068 quam
906 1012 1036 1068 postea
1068 1011 1251 1055 lubentes

216 1087 455 1120 averterunt
488 1074 531 1117 in
562 1069 882 1125 Heliogabalum
911 1070 961 1112 ab
987 1068 1077 1123 ipsis
1104 1069 1251 1112 militi-

213 1135 286 1176 bus
318 1132 532 1175 foediffime
563 1129 807 1182 discerptum
832 1160 844 1180 ,
887 1126 931 1170 δε
974 1125 1014 1168 in
1048 1127 1252 1180 Tyberim

214 1190 441 1246 weit-&um
469 1205 477 1230 :
525 1186 637 1239 cujus
668 1184 857 1242 flagitiosi
889 1182 1153 1227 adolescentis
1182 1185 1253 1228 Se-

211 1259 372 1290 natores
393 1279 404 1299 ‚
438 1245 593 1289 sublato
625 1243 797 1298 imperio
830 1240 1097 1284 foeminarum
1119 1274 1131 1294 ,
1163 1257 1251 1297 quae

210 1321 282 1361 per
296 1320 390 1348 eum
406 1302 751 1353 dominabantur,
776 1298 1063 1353 inscriptiones
1077 1315 1222 1342 omnes
1238 1331 1250 1353 ‚

209 1363 407 1418 abrogato
438 1361 564 1404 etiam
595 1359 633 1402 ei
666 1356 881 1401 Antonini
916 1357 1112 1410 nomine,
1143 1358 1248 1412 quod

209 1418 459 1476 propudiosis
491 1416 606 1460 saetis
638 1415 865 1472 polluerat,
896 1414 1083 1459 delendas
1113 1413 1248 1458 decre-

210 1489 387 1521 verunt.
422 1476 488 1527 (d)

266 1534 554 1577 Maximinum
588 1531 631 1575 δε
664 1531 877 1574 viventem
899 1561 911 1582 ,
944 1528 986 1571 &
1019 1540 1248 1583 mortuum,

209 1593 384 1635 Senatus
399 1591 495 1634 adeo
508 1589 770 1633 execrabatur
791 1620 803 1642 ,
837 1601 879 1629 ut
907 1602 1118 1642 nunquam
1143 1586 1245 1629 vali-

209 1649 298 1693 dius
313 1650 446 1692 Patres
461 1647 698 1703 potestatem
715 1645 825 1688 suam
840 1643 1246 1704 expreslerint,quam

209 1706 294 1759 ejus
320 1705 521 1750 tumultus
547 1716 732 1758 tempore
749 1735 760 1756 ,
793 1718 875 1757 quo
888 1701 1070 1744 advenas
1089 1701 1244 1744 hostem

206 1763 351 1819 ,patriae
381 1795 392 1816 ,
439 1762 607 1819 qualem
645 1776 740 1804 eum
783 1759 1061 1810 judicaverant
1086 1790 1098 1811 ‚
1148 1773 1248 1814 quos

213 1824 326 1877 supra
353 1818 677 1864 memoravimus
698 1849 710 1870 ‚
742 1828 931 1860 crearunt
959 1816 1185 1877 Augustos.

267 1878 542 1922 AEmilianum
562 1908 574 1930 ,
607 1891 729 1931 quem
761 1876 930 1917 Senatus
957 1905 970 1926 ,
1004 1873 1103 1916 sorte
1138 1878 1248 1926 supe-

208 1936 498 1991 rantelegem,
534 1934 762 1988 Augustum
789 1930 1040 1986 appellavit,
1075 1929 1155 1980 jam
1175 1946 1242 1972 an-

210 2004 302 2045 tea,
334 2005 504 2046 urgente
518 1990 671 2043 Gallo,
702 1989 976 2032 declaraverat
991 1988 1175 2030 hostem.
1210 1989 1248 2037 e)

268 2049 452 2094 Gallieni
487 2061 700 2102 tempore,
731 2047 919 2103 quamvis
951 2045 1032 2096 ejus
1069 2044 1244 2087 socordia

208 2107 394 2163 pluribus
437 2123 459 2149 a
500 2105 667 2148 ducibus
715 2104 769 2145 sui
816 2100 1003 2157 cujusque
1047 2102 1249 2145 exercitus

209 2164 506 2208 acclamatione
537 2194 549 2215 ,
584 2161 757 2217 Augusti
795 2175 948 2203 nomen
980 2159 1050 2202 fibi
1082 2159 1245 2202 trahen-

209 2222 348 2275 tibus,
381 2220 669 2263 dilaceraretur
705 2217 932 2272 Imperium
962 2233 972 2257 τ
1007 2228 1151 2272 tamen
1180 2217 1243 2259 fir·

207 2294 326 2322 mum
359 2279 402 2320 in
435 2276 630 2320 Gallieno
652 2307 664 2328 ,
694 2275 737 2318 δε
769 2275 814 2317 in
847 2273 1019 2316 solidum
1052 2273 1247 2326 constitit,

208 2336 305 2393 quia
337 2336 505 2378 Senatus
536 2333 774 2376 auf’toritate
796 2332 1039 2374 fundabatur
1058 2363 1066 2372 .
1099 2333 1156 2374 Et
1179 2334 1252 2386 qui

208 2393 438 2449 Augustam
472 2391 706 2445 potestatem
741 2390 810 2432 sibi
846 2388 925 2431 solo
959 2389 1135 2431 militari
1172 2389 1247 2431 suf-

212 2450 350 2506 fragio'
378 2449 631 2504 carpserant,
665 2460 935 2501 tyrannorum
951 2447 1141 2500 exitum,
1175 2462 1247 2489 no-

213 2523 394 2563 menque
427 2519 665 2549 meruerunt
692 2537 700 2545 .

269 2565 483 2619 Postquam
505 2578 599 2606 vero
619 2563 788 2605 Senatus
809 2577 830 2603 a
852 2560 1072 2614 Gallieno,
1102 2574 1146 2604 ut
1164 2577 1248 2605 me-

211 2623 468 2666 moravimus
489 2652 500 2673 ,
535 2619 685 2662 militia
711 2618 893 2661 exclusus
919 2651 931 2672 ,
961 2619 1245 2662 au&oritatem

212 2681 326 2724 suam
359 2676 663 2733 comprobanda
695 2677 826 2731 potius
848 2708 859 2728 ‚
890 2692 1015 2731 quam
1043 2676 1250 2719 vastanda

215 2736 484 2792 Imperatoris
505 2735 709 2778 creatione
738 2733 941 2785 retinuit,
973 2733 1248 2776 commissam-

213 2810 290 2852 que
323 2793 393 2836 sibi
418 2808 467 2836 ex
495 2792 678 2836 instituto
705 2789 958 2845 Reipublicae
983 2788 1152 2834 civilem
1180 2806 1251 2846 po-

830 2923 936 2935 ¹—

1150 2926 1253 2937 ——.

236 2969 240 2972 ·
257 2963 278 3003 (
289 2973 309 2993 a
322 2961 341 3000 )
363 2962 547 3003 Capitolin-
564 2963 599 2993 in
615 2961 754 2992 Macrin.
770 2966 875 3001 capa.

257 3010 280 3048 ζ
294 3006 312 3039 b
336 3013 341 3038 ἰ
369 3007 465 3039 Dion.
485 3006 542 3039 tib.
557 3009 612 3048 78.
628 3007 785 3046 pag·896.

259 3052 281 3093 (
297 3062 311 3084 c
324 3051 343 3090 )
369 3050 538 3094 Lamprid.
556 3053 592 3083 in
613 3051 784 3091 Heliogab.
803 3056 906 3091 cap-3.

262 3098 284 3137 (
296 3097 317 3130 d
330 3096 349 3134 )
375 3095 543 3139 Lamprid.
560 3097 595 3127 in
611 3096 784 3136 Heliogah.
801 3098 926 3136 cap.18.

260 3144 282 3182 (
297 3141 343 3180 e)
372 3143 483 3174 Aurei.
500 3140 583 3173 Vie’c.
600 3140 634 3172 in
649 3141 772 3172 AEmil.

261 3189 280 3227 (
293 3187 310 3205 ⁴²
324 3187 344 3225 3
370 3189 443 3227 Jam
483 3185 583 3228 igitur
620 3184 683 3218 hoc
707 3185 780 3218 loco
805 3184 945 3226 potestas
982 3184 1119 3217 Senatus
1146 3180 1255 3216 omnis

214 3235 253 3274 in
276 3230 395 3268 ritibus
438 3232 543 3275 posita
572 3231 617 3266 est
656 3231 687 3265 &
727 3228 1021 3271 senatusconsultis
1052 3253 1060 3262 .
1116 3227 1255 3263 Rizuum

634 138 778 194 DE
856 131 1397 192 ROMANO
1480 137 2043 195 IMPERIO

1308 213 1490 257 testatem
1535 212 1694 256 fle5’tere
1741 215 1962 270 cogebatur
2001 214 2049 258 ad
2087 213 2350 262 voluntatem

1309 272 1622 325 potentiorum3
1654 283 1698 313 ut
1729 271 1925 324 exordia,
1958 273 2012 315 ita
2043 273 2086 315 ὃς
2117 273 2249 316 exitus
2275 288 2355 317 ne-

1306 329 1437 384 glexit
1475 330 1804 384 Imperatorum,
1839 329 1985 384 quibus
2016 329 2205 386 deinceps
2236 361 2248 383 ,
2282 345 2354 374 ne-

1305 402 1382 441 que
1413 385 1652 431 attollendis
1682 418 1695 440 ,
1740 401 1872 441 neque
1902 385 2176 441 deprimendis
2207 387 2354 431 admo⁴
2386 418 2389 420 -

1304 443 1402 486 dum
1435 443 1610 496 studuit,
1642 458 1692 487 ne
1725 441 2254 489 militaribusfiaffionibus
2285 443 2351 488 in-

1308 500 1571 544 volveretur:
1609 500 1806 555 praecipue
1840 500 1922 555 post
1955 500 2104 543 Carini
2136 513 2316 545 mortem
2341 532 2354 556 ,

1304 573 1326 600 a
1347 571 1529 611 tempore
1552 556 1831 609 Diocletiani,
1865 557 1932 600 sub
1951 573 2032 613 quo
2047 589 2058 610 ,
2083 557 2350 602 succumben-

1305 629 1341 656 te
1375 615 1528 658 viribus
1561 614 1717 656 ratione
1743 645 1754 667 ,
1788 615 1836 656 ad
1868 614 2067 657 militiam
2095 615 2239 658 omnia
2270 615 2349 658 flu-

1303 683 1451 714 xerunt
1476 703 1489 725 ,
1537 671 1634 713 adeo
1671 683 1716 714 ut
1753 671 1924 714 Senatus
1952 687 2037 714 non
2063 671 2227 715 duceret
2256 688 2347 716 am-

1305 727 1407 783 plius
1428 760 1439 782 ‚
1472 741 1516 771 ut
1540 729 1732 781 debebat,
1763 742 1967 771 armatam
1991 728 2223 783 potentiam
2242 760 2255 782 ,
2283 729 2346 772 sed

1303 785 1561 841 sequeretur:
1607 785 1704 840 quia
1732 787 2004 839 Imperatores
2032 817 2043 835 ‚
2083 785 2219 829 frastis
2245 786 2345 830 viri-

1302 843 1374 885 bus
1402 842 1539 898 populi
1572 842 1615 886 &
1642 841 1824 886 civitatis
1849 875 1859 895 ‚
1892 843 2110 898 accitisque
2137 842 2203 885 sibi
2226 842 2343 888 com-

1305 899 1551 946 militonum
1574 899 1743 955 opibuS,
1764 900 1806 942 ὃς
1832 899 2092 943 facultatibus
2114 900 2350 955 provincia-

1302 955 1377 999 lim
1403 989 1416 1010 ,
1461 955 1581 999 nihili
1610 957 1838 1009 pendebant
1863 972 1935 1012 pro
1961 958 2147 1010 tyrannis
2174 956 2311 1001 haberi
2333 988 2347 1011 ,

1294 1014 1397 1058 ‚dum
1442 1013 1658 1068 tyrannide
1698 1013 1929 1068 potirentur
1953 1029 2123 1067 impune
2157 1029 2170 1066 3
2215 1029 2350 1070 neque

1299 1071 1521 1114 admodum
1549 1071 1787 1114 laborabant
1811 1071 1885 1114 effe
1910 1070 1998 1122 justi
2016 1102 2028 1124 ‚
2062 1070 2159 1114 dum
2187 1070 2348 1121 injusti-

1300 1127 1365 1170 tiae
1394 1127 1623 1184 periculum
1647 1128 1881 1171 avertiffeut
1907 1160 1917 1169 .
1969 1128 2065 1170 Ideo
2094 1127 2349 1184 Reipublicae

1298 1184 1432 1228 forma
1450 1218 1462 1239 ‚
1494 1201 1580 1241 quae
1610 1185 1830 1229 defluxerat
1856 1201 1877 1229 e
1905 1185 2090 1229 moribus
2113 1217 2125 1239 ‚
2159 1185 2349 1240 impressa.

1298 1243 1447 1286 mansit
1477 1244 1521 1286 in
1549 1243 1730 1299 legibus3
1761 1243 1805 1286 δι
1827 1242 1986 1297 publica
2006 1242 2091 1293 jura
2107 1243 2351 1297 populiRo-

1299 1301 1410 1343 mani
1444 1299 1650 1344 latuerunt
1678 1300 1722 1342 in
1749 1300 1891 1343 ritibus
1917 1332 1929 1353 ,
1972 1301 2052 1353 (*)
2077 1300 2120 1343 8<
2145 1300 2183 1342 S.
2209 1301 2262 1344 C.
2295 1316 2347 1345 ex
2370 1345 2374 1349 ,

1298 1357 1484 1401 instituto
1508 1357 1822 1413 prodeuntibus:
1857 1373 1973 1413 quae,
2005 1358 2195 1413 quamvis
2208 1358 2255 1400 ad
2273 1374 2347 1402 vo-

1300 1414 1504 1459 luntatem
1527 1414 1809 1470 potentiorum
1823 1417 2122 1458 conderentur:
2158 1415 2348 1460 nativam

1300 1484 1442 1516 tamen
1489 1472 1775 1515 auetoritatem
1819 1486 2034 1527 nunquam
2070 1472 2299 1517 amiserunt
2331 1489 2344 1515 ε

1296 1530 1392 1585 quia
1435 1529 1634 1573 violentia
1670 1545 1753 1571 non
1793 1529 1847 1571 est
1885 1530 2000 1572 causa
2039 1531 2180 1573 efficax
2206 1531 2344 1573 extin-

1297 1586 1465 1642 guendae
1514 1586 1649 1630 civilis
1687 1585 1893 1629 facultatis
1929 1618 1935 1627 ,
1981 1586 2024 1628 δε
2068 1587 2346 1639 permutandae

1301 1643 1572 1698 Reipublicae.
1607 1645 1708 1699 Quae
1736 1643 1761 1685 fi
1788 1644 1950 1686 suorum
1978 1643 2258 1686 institutorum
2281 1643 2342 1686 fa-

1297 1702 1404 1744 ciem
1433 1704 1607 1756 pandat,
1640 1705 1684 1744 in
1710 1701 1836 1744 mutis
1850 1712 2145 1756 quantumvis,
2177 1701 2348 1744 &iner-

1298 1760 1403 1801 tibus
1431 1759 1575 1802 ritibus
1606 1774 1619 1810 ;
1660 1757 1807 1809 justum
1837 1758 1994 1810 semper
2021 1790 2033 1811 ,
2073 1773 2344 1814 apertumque

1299 1816 1418 1859 habet
1462 1816 1636 1859 reditum
1681 1815 1728 1857 ad
1772 1816 1984 1869 pristznun
2027 1816 2142 1859 usum
2168 1847 2180 1869 ‚
2228 1815 2342 1864 cujus

1297 1872 1356 1924 jus
1396 1906 1406 1924 ,
1452 1886 1572 1929 atque
1618 1871 1876 1915 voluntatem
1912 1888 2122 1926 nunquam
2157 1872 2345 1918 dimififfe

1297 1930 1506 1974 censetur.
1539 1929 1707 1973 Titulos
1738 1946 1879 1983 enim,
1914 1931 2041 1982 ritus,
2073 1933 2115 1973 &
2147 1930 2344 1973 solemni-

1299 2001 1401 2030 tates
1446 1987 1730 2031 conservandis
1761 2005 1782 2029 a
1811 2003 1933 2042 prava
1960 1989 2250 2031 consuetudine
2283 1987 2346 2038 ju-

1298 2045 1431 2096 ribus,
1466 2045 1698 2089 conditores
1732 2045 1869 2100 legum
1903 2046 2154 2088 invenerunt
2182 2077 2190 2087 .
2226 2046 2342 2099 Qua-

1300 2104 1486 2146 mobrem
1521 2119 1731 2159 nunquam
1764 2102 1933 2145 Senatui
1969 2103 2087 2156 periit
2119 2102 2179 2153 jus
2200 2117 2346 2146 crean-

1296 2161 1335 2202 di
1381 2161 1627 2216 regendique
1665 2160 1929 2215 Imperatoris
1962 2191 1972 2210 ,
2005 2160 2193 2215 quamvis
2226 2159 2337 2204 illius

1297 2217 1391 2268 juris
1423 2218 1668 2262 exercitium
1704 2233 1789 2261 non
1825 2218 1994 2261 patrum
2017 2250 2027 2270 ,
2063 2217 2124 2260 sed
2158 2216 2347 2262 militum

1297 2274 1565 2319 a·voluntate
1600 2276 1812 2330 penderet.
1849 2274 1970 2329 Quod
2001 2275 2049 2317 ad
2081 2287 2232 2318 ceteras
2267 2275 2344 2318 Pa-

1299 2348 1415 2375 arum
1448 2365 1459 2386 ,
1503 2334 1546 2376 δε
1580 2332 1719 2385 populi
1754 2331 1968 2376 facultates
2011 2348 2058 2375 ac
2091 2331 2176 2384 jura
2208 2332 2344 2387 porri-

1298 2402 1363 2432 tur
1404 2421 1415 2443 ‚
1467 2405 1554 2446 quae
1597 2406 1811 2446 nunquam
1855 2389 2048 2433 interiisse
2094 2401 2288 2444 putantur
2330 2408 2357 2443 ,Λ

1297 2446 1486 2503 quamvis
1532 2463 1615 2491 non
1664 2461 1749 2490 tam
1781 2463 1830 2491 ex
1864 2448 2034 2489 Senatus
2073 2468 2104 2497 ,·
2135 2462 2260 2501 quam
2291 2461 2343 2489 ex

1308 2505 1573 2560 Imperatoris
1606 2505 1776 2548 arbitrio
1806 2503 2130 2546 adhiberentur:
2177 2502 2220 2545 ὅ(
2242 2518 2344 2546 con-

1300 2563 1508 2618 sequenter
1539 2564 1607 2605 via
1641 2564 1795 2617 semper
1825 2561 1992 2603 Senatui
2027 2559 2160 2614 patuit
2184 2560 2233 2602 ad
2259 2559 2342 2615 pri-

1300 2620 1446 2663 stinam
1499 2619 1553 2662 sui
1585 2618 1683 2671 juris
1717 2618 1949 2661 libertatem
1972 2648 1985 2669 ‚
2029 2616 2098 2659 fibi
2133 2616 2342 2661 violenter

1299 2677 1365 2720 diu
1397 2688 1580 2733 ereptam
1605 2709 1614 2719 .
1667 2678 1805 2731 Quam
1849 2675 1898 2718 ad
1930 2674 2121 2718 libertem
2151 2673 2237 2726 jure
2270 2674 2341 2719 suo

1301 2734 1418 2777 rediit
1460 2750 1580 2779 Vnovo
1626 2735 1880 2788 Imperatore
1922 2732 2096 2776 creando
2133 2763 2146 2786 ‚
2189 2747 2286 2777 cum
2315 2747 2341 2776 a

1304 2792 1460 2835 Graecis
1492 2791 1718 2834 Caesaribus
1750 2790 2077 2847 opprimeretur.
2229 2847 2269 2891 C
2336 2807 2361 2833 ‘t
2401 2824 2403 2826 -

2285 2848 2346 2892 Ad

1327 2926 1429 2937 ..ι-.-
1540 2926 1644 2937 a.—
1753 2928 1858 2939 ,-
1863 2925 2132 2937 .—-—--———-
2243 2925 2350 2935 —-

1299 2971 1381 2993 vero
1420 2961 1465 2993 nil
1510 2963 1565 2993 n=fi
1608 2973 1691 2994 vana
1723 2963 1758 2994 in
1786 2959 1952 3004 capiendis
1998 2958 2150 3001 auspiciis
2190 2957 2343 3000 caere'me-

1302 3005 1354 3037 nia
1385 3013 1478 3038 erat.
1506 3007 1789 3040 Senatusconsulta
1816 3015 1928 3039 autem
1952 3005 2011 3038 etsi
2041 3015 2079 3036 ea
2102 3002 2257 3038 Gratiani
2281 3002 2341 3034 ad-

1301 3050 1361 3084 huc
1379 3072 1390 3088 ‚
1434 3051 1662 3085 Valentiniani
1705 3052 1736 3084 ὃς
1763 3050 1939 3085 Theodosii
1969 3048 2189 3091 ,temporibus
2217 3047 2252 3079 in
2282 3047 2339 3081 usu

1300 3095 1389 3128 fuisse
1437 3097 1631 3130 noverimus
1678 3108 1718 3130 ex
1749 3101 1786 3129 L.
1815 3107 1870 3128 un.
1891 3098 1925 3127 C.
1957 3095 1995 3127 de
2008 3092 2335 3133 senatusconsultis,

1300 3148 1410 3173 tamen
1437 3141 1476 3173 ad
1505 3152 1622 3177 nutum
1666 3142 1909 3186 Imperantium
1939 3138 2025 3175 facta
2049 3161 2061 3181 ,
2103 3138 2169 3181 ipse
2206 3136 2337 3174 Gravi-

1302 3197 1343 3220 na
1365 3186 1518 3231 agnoscit
1541 3211 1551 3220 .
1579 3228 1582 3234 ,
