2451 3470
593 160 1691 238 ORATIONES.
2195 181 2229 231 7

85 251 211 297 Osiris
241 248 412 306 aliquis,
446 259 514 292 aut
545 247 769 301 Hercules,
802 258 870 290 aut
888 246 1113 307 Saturnus,

83 323 153 353 aut
184 308 264 365 ipse
296 306 483 362 Jupiter,
514 306 676 362 quando
707 305 879 354 latiora,
909 302 950 344 ἃ
969 316 1110 363 ’muni-

80 367 184 410 tiora
234 376 348 409 erant
393 364 436 406 in
482 363 647 407 istarum
678 362 860 404 vastitate
895 373 1113 413 regionum

82 418 353 477 ignorantiae,
383 436 429 464 ac
454 420 647 463 barbariae
668 416 865 470 latibula,
895 415 937 457 ὅ(
963 413 1114 460 cubilia

78 480 275 522 vitiorum
294 510 306 531 ,
339 493 423 520 non
458 477 511 540 in⁸
526 475 694 533 privatis
714 471 1002 518 tantummodo
1024 487 1111 514 mo·

79 537 214 590 ribus,
246 549 392 578 verum
425 533 468 577 ὃς
500 548 547 576 in
580 532 671 588 ipsis
703 547 742 574 re
774 531 816 577 ni
852 528 1006 583 legibus
1041 544 1111 584 pue

1162 241 1233 288 stes
1266 271 1278 293 ,
1315 250 1564 295 quaeeunque
1597 235 1788 296 Princeps
1817 230 1932 280 edere
1965 246 2035 286 per
2069 233 2103 281 se
2137 232 2210 294 ip

1167 297 1252 340 sum
1296 296 1339 339 a'
1362 293 1559 351 regnandi
1602 302 1870 345 occupatione
1903 290 2208 345 prohibeatur„

1162 355 1277 397 Cum
1307 353 1421 396 enim
1455 350 1696 404 Respublica
1727 347 1920 398 ducibus,
1954 349 2198 404 magistrati-

1164 413 1233 456 bus
1264 443 1279 464 ,
1310 410 1355 459 ὃς
1386 424 1552 457 morum
1582 406 1814 462 artiumque
1845 403 2068 453 re6’toribus
2093 437 2107 458 ‚
2140 422 2202 451 τε..

1164 483 1335 531 rumque
1368 466 1529 515 arbitris
1560 464 1747 520 plurimis
1777 462 1992 523 indigeat,
2023 461 2206 525 singulo-

1164 541 1254 570 rum
1285 525 1451 582 quidem
1485 522 1714 579 perfune‘t'io
1747 535 1964 569 munerum
1998 521 2204 576 privatis,

78 593 272 650 blicisque
320 591 464 634 ritibus
513 590 686 645 turpiter
718 605 740 632 a
796 600 957 632 aetatem
991 585 1114 641 usque.
1160 597 1302 630 eorum
1337 597 1434 627 vero.
1464 597 1646 638 congrua
1678 577 2005 634 conveniensque
2024 577 2199 625 attribu-

79 663 194 695 tuam
215 648 472 694 'haerentium
491 679 500 689 .

1162 641 1246 692 tio,
1276 640 1320 682 ὅ(
1355 639 1484 685 cretio
1514 640 1635 695 atque,
1669 637 1757 683 usus
1792 636 2032 680 idoneorum
2061 635 2200 679 homi·

135 705 417 764 Quamobrem
437 701 985 760 quaeolimditionesabipsa
1000 715 1109 743 crea·
1161 704 1261 739 num
1306 695 1368 738 illi
1413 697 1530 740 unice
1575 695 1746 746 seorsum
1778 711 1801 738 a
1834 692 2070 758 muneribus
2100 693 2196 738 aliis

100 765 107 772 “
524 760 531 767 “
565 760 786 803 literarum
833 759 876 802 &
910 761 1110 801 bonarum
1159 753 1381 806 convenit,
1413 754 1476 797 cui
1499 753 1686 810 regimen
1703 750 2198 799 traditurumversorum:

78 776 191 807 tione
238 777 370 806 rerum
417 775 534 803 Otnssl

66 822 225 863 iartium
247 816 558 872 communisque
579 816 820 859 commercii
844 815 1024 869 utilitate
1045 829 1109 857 ca·
1160 825 1235 862 ne,
1268 809 1294 852 si
1332 811 1521 866 Princeps
1553 810 1850 867 magistratibus
1881 808 1925 851 ὃς
1957 809 2198 856 muneribus

74 878 244 928 rebant,
276 873 477 917 continuo
509 885 546 915 te
580 873 628 916 ad
650 874 868 928 imperium
891 872 1111 929 veniente,

71 950 118 976 ac
159 932 206 977 de
236 930 504 975 celeberrima
535 945 626 985 pere
660 929 864 979 rinatione
897 929 1009 976 brevi
1043 943 1106 975 re·

70 991 222 1033 deunte
239 1019 252 1040 ,
285 986 541 1044 susceperunt
560 945 755 1043 quidquid
775 986 1004 1044 praeclarius
1023 984 1105 1031 edi-

70 1047 193 1089 derat*
215 1045 440 1102 AEgyptus‚
459 1044 707 1101 ralueratque
734 1045 891 1088 Graecia
909 1076 922 1098 ,
955 1043 1106 1099 postea-

69 1119 145 1158 que
180 1102 256 1147 suis
287 1104 355 1146 sub
378 1101 502 1158 fignis
533 1117 802 1156 propagavere
820 1101 1029 1152 Romani,
1059 1114 1106 1142 ac

64 1160 212 1216 reliqui
236 1158 429 1203 mortales
446 1161 494 1203 ab
511 1160 692 1214 Imperio
710 1162 994 1202 Rornanorum
1012 1157 1103 1199 edo-

64 1216 121 1261 &i
153 1217 201 1261 ad
234 1216 341 1260 hanc
375 1217 493 1271 usque
525 1215 633 1260 diem
653 1216 946 1260 excoluerunt.
978 1213 1105 1257 Unde

63 1273 208 1330 populi
238 1273 341 1316 olim
376 1271 551 1316 naturali
585 1284 747 1316 tantum
782 1271 1022 1319 fortitudine
1044 1270 1105 1315 fe-

65 1331 285 1384 rocientes,
302 1329 578 1385 praecipitique
595 1329 752 1374 fervore
767 1330 923 1386 ingenii
937 1329 1103 1373 aestuan-

70 1400 128 1431 tes
144 1419 157 1442 ,
187 1399 272 1430 arte
290 1402 383 1430 vero
398 1387 602 1441 utriusque
618 1388 778 1443 regendi
794 1385 1102 1431 communibus-

61 1460 140 1500 que
163 1443 340 1488 aliorum
370 1442 616 1501 populorum
642 1445 871 1487 commodis
900 1444 1021 1499 usque
1053 1443 1103 1486 ab

60 1501 184 1546 initio
197 1512 380 1547 carentes
394 1532 405 1553 ,
419 1515 494 1555 ope
509 1500 575 1544 fibi
593 1515 658 1544 tua
673 1514 838 1546 aetatum
853 1500 895 1544 &
910 1499 1100 1546 omniurn

57 1558 245 1613 gentium
260 1557 367 1600 bona
381 1557 492 1600 brevi
508 1558 818 1612 corripuerunt,
847 1571 892 1603 ut
907 1573 1007 1602 voce
1020 1573 1101 1600 una

58 1616 278 1658 immutata
295 1646 306 1668 ‚
342 1614 570 1668 Imperium
586 1627 701 1658 tuum
719 1615 802 1667 jure
821 1614 888 1659 sibi
909 1647 921 1668 ,
945 1614 1099 1670 tibique

57 1671 162 1716 illud
204 1669 494 1727 elegantissimi
527 1673 657 1718 Poetae
696 1674 811 1732 possit
847 1672 1095 1716 attribuere:

70 1757 160 1803 Hic
190 1758 341 1801 Petrus
364 1756 498 1813 posuit
528 1758 730 1814 quidquid
761 1758 911 1813 ubique
934 1756 1047 1812 suit.

111 1846 152 1887 O
185 1843 211 1886 fi
243 1843 416 1887 vitalem
450 1843 506 1896 [¹³]
542 1843 696 1888 sensum
728 1845 785 1888 tui
817 1877 829 1897 ,
863 1843 974 1887 Naso
994 1875 1006 1897 ,
1038 1842 1092 1887 ci-

54 1917 171 1946 neres
203 1901 428 1957 reciperent
448 1931 460 1953 ,
493 1901 630 1944 minus
663 1915 771 1945 certe
803 1901 997 1945 flebiliter
1012 1900 1094 1944 exi·

58 1958 164 2003 lium
198 1971 315 2002 tuum
346 1958 528 2010 doleres,
563 1958 629 2003 ubi
654 1975 721 2015 per
742 1960 852 2002 hunc
875 1957 1096 2013 aliquando

55 2031 141 2059 non
170 2015 372 2063 immanes
397 2014 492 2061 illos
518 2017 624 2063 inter
648 2016 776 2063 aetatis
805 2027 884 2062 tuae
899 2015 1093 2069 Scythas,

57 2073 118 2117 sed
135 2072 271 2128 plures
285 2073 392 2119 inter
407 2074 662 2122 Anacharses
674 2074 855 2120 locatum
874 2086 912 2117 te
926 2072 1092 2119 inveni-

55 2146 117 2174 res
134 2136 150 2172 .'
182 2132 330 2186 Tuque
348 2162 360 2183 ,
383 2130 598 2185 Iphigenia
614 2163 627 2185 ,
648 2144 735 2174 tarn
751 2130 892 2186 cupide
910 2130 1048 2186 fugam
1071 2145 1092 2173 e

54 2186 205 2233 Tauris
237 2187 315 2230 hoc
346 2186 721 2243 fortasse'tempore
754 2204 836 2231 non
872 2187 1091 2240 molireris,

53 2260 149 2289 cum
176 2260 260 2287 non
289 2244 481 2287 humanis
508 2244 967 2289 vietimisirnmolandis
985 2276 998 2298 ,
1031 2244 1090 2287 sed

52 2302 359 2347 clementissimi
395 2301 598 2356 Principis
629 2301 851 2357 virtutibus
885 2302 927 2345 in
951 2302 1091 2344 Poeta·—

50 2374 142 2403 rum
172 2359 216 2404 ὅ(
243 2359 466 2406 Oratorurn
508 2370 618 2402 coetu
633 2358 963 2404 consecrandiste
978 2358 1089 2402 brevi

51 2415 312 2472 praefuturam
330 2449 343 2471 ,
374 2428 495 2471 atque
508 2418 555 2458 ad
573 2415 674 2460 mite
691 2431 861 2472 regnum
879 2415 1089 2458 Thoantis

53 2472 317 2527 tyrannidem
381 2472 592 2518 nobiscum
656 2489 737 2517 una
799 2485 1088 2530 perventuram

49 2531 246 2587 sperares!

112 2589 250 2642 Atque
294 2587 372 2632 hac
418 2603 496 2632 una
542 2603 746 2645 praequam
777 2603 826 2631 ex
859 2587 1087 2642 omnibus,

55 2645 292 2697 PETRE,
350 2646 473 2691 causis
525 2658 679 2689 naturae
727 2645 847 2700 ipsius
888 2645 1086 2700 consilio,

47 2717 94 2745 ac
156 2700 386 2746 ministerio
447 2702 641 2758 Princeps
694 2704 828 2746 videre
881 2716 1040 2749 creatus
1074 2735 1087 2755 ,

48 2759 164 2817 quod¹
211 2774 294 2802 non
355 2758 482 2803 solum
526 2758 713 2805 invenire
757 2762 917 2817 propria
961 2792 974 2815 ‚
1025 2760 1085 2817 sed

48 2828 286 2862 convertere
327 2815 375 2859 ad
420 2828 458 2859 te
504 2817 665 2860 noveris
706 2817 877 2872 aliena,
919 2830 1083 2873 tamque

51 2872 454 2930 praecium-optione
499 2873 811 2930 magistratuum
840 2905 853 2928 ,
907 2876 1083 2919 delestu,

47 2946 125 2986 que
177 2928 419 2985 peritiorum
463 2930 515 2974 jn
557 2930 729 2974 militari
771 2947 817 2975 ac
862 2932 981 2975 civili
1024 2932 1081 2975 fa-

50 2987 202 3033 cultate
245 2987 471 3034 hominum
495 3017 511 3043 ,
555 3002 626 3048 per
668 2986 770 3033 alios
794 2988 952 3044 optime
985 3006 1081 3046 prae-

1157 866 1251 910 aliis
1294 868 1491 916 obeundis
1521 869 1763 911 distrahatur
1795 899 1807 918 ‚
1853 865 2107 920 Reipublicae
2138 881 2199 910 re-

1156 924 1296 980 gimen
1328 941 1351 968 a
1382 926 1538 973 civibus
1570 926 1653 981 ipso
1685 926 1729 969 in
1753 924 1905 968 reif’tore
1925 923 2189 966 desideretur.

1213 982 1326 1025 Cum
1378 997 1515 1027 autem
1548 984 1703 1040 regium
1736 983 1924 1025 animum
1958 995 2103 1023 natura
2137 980 2198 1024 in.

1155 1038 1286 1083 dueris
1321 1072 1334 1093 ,
1379 1052 1493 1086 tanta
1525 1039 1748 1088 clementia
1780 1038 1958 1084 exundas
1986 1069 1998 1089 ,
2031 1050 2074 1080 ut
2104 1053 2199 1082 eam

1154 1096 1367 1141 defiee‘oere
1394 1113 1569 1154 nequeas
1596 1099 1646 1141 ab
1667 1098 1717 1141 iis
1739 1096 1902 1150 Populis
1921 1127 1932 1147 ,
1967 1095 2074 1138 inter
2093 1110 2195 1152 quos

1154 1152 1260 1197 nihil
1297 1153 1478 1210 Principi
1509 1155 1554 1198 &
1580 1154 1745 1209 Populis
1772 1153 1863 1208 ipsis
1883 1153 2103 1196 clementia
2125 1169 2194 1209 pe-

1155 1209 1384 1256 riculosius.
1416 1211 1627 1269 Siquidem
1660 1212 1688 1254 ii
1725 1211 1813 1253 sunt
1839 1242 1851 1264 ,
1885 1224 1928 1254 ut
1954 1242 1967 1264 ‚
2000 1210 2072 1252 nifi
2108 1225 2198 1263 poe-

1154 1283 1301 1319 narum
1335 1282 1487 1313 terrore
1517 1270 1878 1320 conservarentur,
1910 1267 1953 1311 in
1987 1268 2196 1322 propriam

1155 1325 1262 1369 ultro
1307 1327 1531 1382 perniciem
1576 1338 1741 1370 ruerent
1779 1357 1791 1368 .
1841 1323 1957 1373 Hinc
2002 1324 2196 1378 regnandi

1155 1383 1232 1426 sors
1262 1384 1453 1428 omnium
1467 1383 1664 1439 opinione
1681 1382 1937 1435 felicissima,
1963 1381 2034 1426 tibi
2054 1393 2194 1426 tamen

1152 1456 1199 1484 eo
1231 1441 1402 1485 nomine
1434 1441 1582 1485 accidit
1609 1473 1620 1495 ,
1667 1440 1811 1484 acerba
1838 1472 1851 1492 ‚
1882 1438 1987 1494 quod
2022 1453 2195 1494 nequeas

1151 1497 1295 1556 absque
1327 1498 1611 1543 universorum
1643 1498 1894 1541 detrimento
1927 1495 2083 1550 placere
2117 1495 2197 1540 sin·

1149 1554 1256 1613 gulis
1283 1571 1293 1599 x
1347 1567 1392 1600 ut
1415 1587 1428 1604 ‚
1473 1572 1568 1602 cum
1599 1555 1703 1603 olim
1736 1552 1953 1600 homicidae
1985 1552 2196 1603 cujusdam

1150 1611 1243 1655 vitae
1263 1612 1496 1668 pepercisses
1511 1645 1523 1667 ,
1555 1613 1663 1669 isque
1678 1627 1834 1655 novum
1848 1612 1900 1657 ob
1915 1610 2192 1657 homicidium

1149 1666 1330 1713 carnifici
1367 1670 1617 1725 traderetur,
1648 1669 1831 1714 debueris
1853 1680 1896 1710 tu
1918 1667 2077 1723 publice
2100 1683 2195 1719 pro-

1149 1725 1282 1781 priam
1338 1725 1646 1783 indulgentiam
1691 1726 1873 1771 accusare
1901 1757 1914 1778 ,
1969 1740 2058 1781 quae
2099 1724 2192 1769 luce

1147 1783 1345 1830 damnato
1377 1784 1600 1840 reddenda,
1632 1784 1743 1829 illius
1769 1783 1900 1841 postea
1921 1797 2046 1825 manu
2068 1782 2194 1826 inno·

1146 1854 1308 1885 centem
1344 1841 1568 1897 perdidisset
1596 1859 1606 1889 ς
1640 1841 1811 1898 ideoque
1845 1840 2035 1883 humanae
2067 1853 2194 1883 natu-

1146 1913 1197 1941 rae
1228 1898 1340 1942 vitiis
1371 1899 1694 1955 ingemiscebas,
1725 1898 1830 1956 quod
1866 1897 2091 1945 insontibus
2127 1899 2193 1945 vi-

1146 1967 1231 1999 tam
1265 1971 1349 2000 non
1382 1957 1455 2000 nisi
1490 1955 1667 2001 sontium
1701 1956 1803 2001 caede
1831 1955 2052 2009 largiatur.
2089 1956 2190 2010 Quae

1146 2026 1284 2058 tamen
1334 2015 1567 2060 communis
1613 2026 1768 2061 naturae
1809 2012 1984 2069 pravitas
2031 2013 2190 2055 bonita-

1144 2084 1231 2114 tem
1275 2070 1414 2114 frustra
1462 2072 1642 2126 superare
1683 2082 1854 2116 conatur
1895 2082 1974 2112 tuae
2002 2101 2011 2111 .
2069 2070 2186 2113 Nam

1142 2128 1235 2175 inde
1285 2128 1368 2182 post
1418 2128 1555 2184 paullo
1604 2128 1764 2172 cuidam
1813 2143 1862 2171 ex
1909 2125 2186 2180 nostratibus,

1142 2185 1239 2228 dum
1272 2186 1321 2228 ad
1356 2185 1601 2241 supplicium
1636 2196 1874 2242 raperetur,
1906 2199 2072 2239 poenam
2098 2199 2183 2227 non

1142 2241 1264 2285 modo
1308 2243 1506 2287 naturalis
1535 2275 1547 2296 ‚
1593 2258 1734 2287 verum
1777 2242 1821 2285 ὅ(
1863 2241 1996 2285 civilis
2041 2242 2187 2285 mortis

1140 2299 1404 2349 condonasti:
1442 2302 1563 2356 utque
1596 2301 1729 2346 animi
1758 2299 1841 2351 ejus
1873 2299 2016 2343 morbo
2048 2300 2184 2342 mede-

1140 2357 1235 2401 reris
1261 2388 1274 2408 ,
1322 2357 1401 2401 hoc
1433 2358 1503 2404 fibi
1540 2358 1757 2414 ceterisque
1791 2356 1942 2400 salubre
1975 2356 2185 2401 monitum

1138 2412 1340 2468 adjecisti,
1370 2414 1468 2459 dum
1499 2416 1535 2458 ei
1570 2415 1754 2474 gladium
1783 2415 1989 2459 redderes:
2023 2414 2188 2468 Recipe,

1138 2471 1327 2527 inquiens
1346 2494 1366 2525 ,-
1386 2473 1568 2528 gladium
1601 2473 1731 2524 hunc,
1764 2485 1808 2515 ut
1839 2487 1879 2514 eo
1912 2488 1987 2514 non
2016 2471 2061 2512 in
2085 2472 2186 2525 siab-

1136 2529 1252 2585 iec‘ios
1281 2545 1384 2572 meos
1409 2528 1593 2584 posthac,
1619 2530 1694 2585 sed
1725 2532 1767 2574 in
1799 2528 1919 2584 hostes
1951 2529 2077 2573 utaris
2106 2559 2114 2570 .

1196 2586 1326 2629 At-si
1373 2585 1656 2632 clementiam
1691 2587 1891 2645 deponere
1939 2584 2095 2642 cogeris
2138 2584 2182 2629 in

1136 2642 1375 2688 ulciscendis
1405 2644 1564 2696 injuriis
1596 2643 1742 2697 alienis
1773 2676 1786 2699 ,
1838 2658 2006 2687 omnem
2042 2656 2181 2686 tamen

1134 2716 1226 2746 eam
1270 2700 1378 2757 large
1427 2701 1590 2748 adhibes
1638 2702 1684 2747 in
1736 2700 1997 2745 remittendis
2049 2700 2174 2743 tuis:

1136 2771 1274 2814 utpote
1318 2757 1384 2813 qui
1428 2759 1585 2806 morsus
1629 2759 1851 2805 lividorum
1896 2773 1990 2802 cura
2051 2758 2179 2801 scien—

1134 2817 1270 2872 tiaque
1311 2817 1514 2872 Principis
1558 2817 1752 2875 indignos
1784 2815 1934 2868 judices
1967 2848 1979 2869 ,
2019 2814 2062 2859 8<
2095 2831 2181 2857 ma-

1132 2875 1282 2929 gnifice
1340 2874 1485 2918 toleres
1512 2907 1525 2928 ,
1580 2875 1781 2931 rideasque
1841 2871 2175 2916 maledicentiam

1135 2932 1349 2994 Poeta-rum
1378 2964 1390 2985 ,
1433 2948 1608 2988 quorum
1653 2933 1710 2976 ais
1752 2932 1963 2988 proprium
1997 2929 2070 2973 esse
2106 2946 2170 2973 va-

1133 3003 1184 3032 na
1251 2989 1397 3041 uetare
1449 3003 1571 3049 atque
1625 2990 1813 3037 invenire
1869 2987 1963 3032 falsa
2014 3019 2023 3030 .
2096 2986 2169 3030 Sed

1717 3050 1757 3091 K
1820 3063 1843 3092 2
2076 3043 2171 3099 quid

43 3155 155 3168 ——-
167 3156 1082 3172 -ffl—w—mw—
1110 3144 1114 3146 ¹
1130 3157 1487 3170 ——---——-—
1507 3155 2172 3170 ——-—-—---———--———-

93 3188 113 3226 ζ
141 3187 158 3204 *
187 3188 203 3225 )
229 3186 458 3230 Prosopopoeja
485 3187 615 3223 elegans
643 3212 648 3215 .
688 3173 869 3223 elegantior
893 3196 1007 3224 tamen
1030 3185 1080 3219 fu-

88 3237 162 3264 tura
187 3254 197 3273 ,
222 3231 245 3264 si
268 3233 396 3273 Tomi,
416 3230 487 3275 ’quo
512 3233 673 3277 relegatus
695 3240 765 3265 erat
787 3230 937 3266 Ovidius
974 3231 1007 3265 in
1030 3231 1078 3266 di-

1129 3184 1222 3218 tione
1251 3185 1423 3220 Res'sorum
1446 3187 1549 3228 die-nt
1581 3210 1589 3220 .
1631 3188 1732 3223 Tauri
1757 3196 1910 3231 quoque,
1933 3185 2004 3228 1²0st
2027 3183 2177 3217 ³²¹¹-ffi1ffl

1128 3229 1297 3264 Azovium
1326 3253 1340 3272 ‚
1364 3231 1482 3267 ‘furcis
1508 3241 1626 3275 parent
1645 3255 1654 3265 .
