2451 3470
158 177 269 226 104
759 153 828 204 V.
901 223 908 231 ·
1124 223 1131 226 ⁴

151 254 223 294 pro
256 228 446 277 modestia
478 229 521 273 δι
565 227 801 273 demissione
843 239 1079 269 animorum
1114 227 1178 264 lua

144 311 166 340 c
201 293 319 338 solius
351 288 621 333 beneficentia
653 284 832 342 profert.
1021 337 1027 344 ι
1199 290 1203 342 vj

205 357 300 408 Qio
332 349 421 405 plus
447 348 571 403 igitur
589 342 741 386 divinis
762 337 1050 397 pertras‘candis
1065 353 1180 380 meris

147 415 333 459 humana
365 406 432 449 sibi
466 401 703 460 permittit,
735 413 894 455 quoque
910 397 1068 439 suarum
1083 410 1180 458 con-

150 468 318 517 fidentia
349 464 500 507 virium
535 458 698 502 liberius
729 456 889 500 exultat
921 486 933 506 ‚
964 469 1013 497 eo
1045 467 1180 517 minus

149 524 394 584 assequitur,
427 517 668 579 longiusque·
696 530 717 556 a
749 527 946 568 germano
976 511 1019 554 &
1040 524 1180 553 nativo

149 583 375 632 coelestium
410 578 518 621 sensu
550 575 763 617 dilabitur.

204 643 320 687 Hine
354 651 435 679 non
471 633 625 676 mirum
646 660 657 680 ‚
691 628 719 671 si
749 643 794 671 ea
813 627 1052 681 expressiora
1067 637 1182 668 erant

149 704 217 746 sub
233 693 518 754 Apostolorum
535 686 795 742 simplicitate
810 717 823 740 ,
854 700 978 741 quam
996 685 1065 726 sub
1077 700 1182 726 nova

147 761 221 805 illa
250 752 469 798 subtilitate
486 744 855 799 Philosophorum,
885 743 954 798 qui
979 742 1180 784 sacrorum

147 819 349 862 librorum
385 806 539 852 sensum
569 819 591 846 a
625 800 789 858 propria
820 798 1209 863 do&rinatrahen-·

952 149 1794 207 GRAViNAE

1232 224 1511 280 imbuiturque
1544 239 1746 270 terrarum
1781 228 1942 283 stipore,
1973 245 2051 287 qua
2074 231 2267 287 perfluit,

1199 306 1203 320 =
1231 282 1287 325 ita
1321 284 1459 337 procul
1492 299 1513 325 a
1548 283 1615 326 suo
1647 286 1777 338 capite
1811 300 1879 338 per
1897 287 2072 332 aliorum
2099 290 2266 345 ingen-ia

1230 340 1410 384 traducta
1441 341 1592 383 veritas
1623 341 1856 385 affefiiones
1888 343 2057 388 imbibit
2088 347 2265 396 singulo-

1232 413 1323 440 rum
1352 431 1367 453 ‚A
1406 411 1611 453 exutoque
1646 398 1856 453 splendore
1888 401 2029 444 nativo
2055 435 2066 455 ,
2111 404 2269 448 colores

1231 457 1438 499 mentium
1454 467 1571 510 atque
1585 455 1831 510 opinionum
1848 456 2008 513 suscipit
2023 460 2271 515 alienamur,

1231 512 1390 568 ejusque
1422 513 1561 555 lumen
1578 543 1590 565 ,
1624 513 1752 556 veluti
1775 513 1865 557 solis
1889 516 2022 559 radius
2040 518 2086 560 de
2112 535 2191 561 una
2209 535 2269 562 re-

1233 586 1323 613 rum
1357 569 1459 612 facie
1493 571 1535 612 in
1567 569 1692 612 aliam
1724 572 1865 625 saepius
1881 573 2088 628 remiffus,
2121 576 2270 619 crebris

1232 627 1494 671 incisionibus
1525 627 1568 670 δί
1612 627 1771 671 iteratis
1811 629 1961 673 casibus
1990 630 2269 686 elanguescit.

1291 685 1402 739 Qiid
1432 684 1555 739 igitur
1586 684 1787 728 miremur
1817 687 1993 742 amplius
2017 701 2178 732 tantam
2192 706 2268 732 no-

1234 743 1404 785 strarum
1433 741 1728 786 sententiarum
1751 743 1794 786 ἃ
1816 760 1979 787 morum
2001 762 2095 789 curn
2118 747 2274 790 veteri-

1235 801 1307 843 bus
1338 799 1498 842 distatis
1539 811 1659 862 atq-ue
1691 800 1888 844 institutis
1918 802 2197 849 dissensionem
2230 803 2275 847 δ’(

147 891 234 929 tes,
265 870 501 926 plerumque
534 873 619 904 tota
648 871 887 903 erraverunt
903 873 996 909 via,
1032 856 1184 899 secum·
1235 872 1442 912 pugnam,
1479 856 1505 899 fi
1531 869 1746 919 veritatem
1788 858 1968 913 amplius
1991 860 2031 902 in
2060 860 2275 904 domicilio

146 947 224 991 que
255 940 409 970 tantam
445 919 664 965 hominum
697 916 861 960 turbam
880 926 1183 971 pertraxerunt,
1236 915 1304 957 suo
1335 929 1418 956 non
1451 929 1671 969 quaerimus
1695 945 1708 967 ,
1744 914 1963 972 reliRaque
1997 917 2126 960 radice
2160 932 2277 961 com-

147 1003 296 1091 gctirum
320 1074 333 1094 ,
365 1053 489 1095 quam
516 1032 699 1078 externis
734 1032 782 1073 ab
816 1028 976 1082 injuriis
1007 1027 1187 1071 Ecclesia

148 1099 395 1150 inoemuerit
422 1128 431 1138 .
467 1093 588 1136 Unde
618 1123 631 1144 ,
663 1103 706 1132 ut
738 1086 952 1150 religionis
986 1085 1135 1129 veritas
1166 1100 1187 1128 e

150 1138 478 1217 disputationum
510 1147 750 1203 ambagibus
781 1157 1009 1200 eriperetur
1034 1174 1049 1196 ‚
1091 1157 1186 1185 con-

146 1216 332 1262 vocanda
364 1212 442 1255 suit
475 1206 692 1252 auctoritas
723 1204 766 1246 ὃ(
796 1200 1189 1264 oraculum-*consu-

145 1277 314 1322 lendum
339 1266 527 1314 Ecclesiae
568 1262 760 1308 universae
791 1259 835 1302 in
869 1259 1058 1303 conciliis
1090 1259 1181 1312 Epi—

146 1336 359 1390 scoporum
393 1359 405 1380 ‚
467 1323 534 1367 ubi
589 1318 879 1364 communibus
938 1315 1187 1370 singularum

146 1389 423 1436 Ecclesiarum
457 1379 623 1423 vocibus
656 1376 908 1437 privatarum
935 1373 1184 1437 opinionum

148 1450 288 1493 seditio
333 1440 656 1495 componebatur
687 1466 700 1488 ,
756 1433 873 1475 editis
916 1430 1142 1473 canonibus
1176 1460 1187 1481 ,

149 1520 299 1559 nempe
352 1498 498 1554 regulis
529 1527 542 1548 ,
583 1492 727 1549 quibus
775 1505 859 1532 non
904 1488 1025 1530 modo
1060 1486 1188 1551 sensus

149 1561 481 1607 committeretur
523 1550 703 1594 veritatis
733 1580 745 1598 ‚
790 1546 854 1590 cui
889 1545 1080 1610 ‘haeretici
1117 1548 1188 1586 suis

149 1618 321 1676 argutiis
363 1611 687 1660 insidiabantur,
740 1604 799 1648 sed
829 1616 968 1667 ‘etiam
1004 1616 1188 1665 compre-

150 1679 424 1722 henderentur
456 1682 588 1711 mores
609 1666 838 1718 incorrupti
861 1660 1184 1725 veterum'Cliri-

150 1736 401 1782 stianorum3
435 1740 534 1783 quos
567 1738 699 1766 mores
733 1735 858 1783 prava
891 1718 1056 1781 vivendi
1091 1731 1187 1759 con-

150 1792 318 1835 suetudo
351 1785 515 1843 penitus
546 1778 778 1831 delevisset,
813 1776 886 1820 nisi
906 1775 1187 1821 universorum

153 1848 375 1895 Praesuium
402 1841 553 1893 studia,
585 1835 829 1881 testimoniis
860 1850 908 1878 ex
944 1846 1033 1895 toto
1068 1845 1193 1875 te-rra—

154 1922 246 1950 rum
279 1905 372 1947 orbe
394 1896 629 1946 conduffis,
661 1894 759 1936 duce
777 1891 1071 1948 atqueauspice
1089 1889 1189 1932 sum-

149 1979 223 2008 mo
246 1959 443 2005 Pontifice
470 1988 482 2009 ,
528 1953 773 1996 Christianae
807 1949 1076 1993 institutionis
1108 1961 1192 1990 me-

151 2021 335 2064 moriam
368 2016 490 2071 usque
523 2013 573 2056 ab
606 2008 896 2063 Apostolorum
929 2018 1049 2050 aetate
1085 2020 1194 2058 repe-

152 2077 290 2121 tissent
312 2108 323 2129 ,
355 2088 399 2117 ut
435 2073 477 2114 in
509 2081 597 2112 tota
629 2080 837 2110 canonum
862 2065 956 2108 serie
978 2095 989 2117 ,
1023 2078 1091 2117 per
1107 2061 1194 2117 plu·

151 2135 260 2178 rium
306 2130 531 2175 seculorum
580 2124 739 2168 cursum
782 2122 829 2164 ad
875 2136 949 2164 nos
980 2121 1099 2176 usque
1132 2119 1199 2182 de-

156 2192 304 2242 dueta,
338 2186 567 2242 imaginem
605 2178 848 2236 Apostolicae
877 2180 998 2232 vitae,
1032 2177 1198 2220 velutin

159 2248 346 2305 speculo,
379 2239 714 2296 contemplemur
733 2268 743 2279 .

213 2308 269 2349 Et
305 2301 504 2359 quoniam
538 2298 656 2341 verba
692 2293 803 2337 nulla
842 2292 935 2356 sunt
968 2292 1014 2336 ad
1042 2291 1197 2335 senten-

155 2363 260 2406 tiam
296 2357 611 2413 exprimendam
644 2353 802 2408 aptiora
841 2349 954 2403 illis,
987 2365 1075 2406 quae
1106 2364 1200 2392 cum

154 2437 196 2464 re
233 2419 315 2474 ipsa
352 2417 395 2459 in
432 2425 568 2457 merite
615 2411 831 2453 nascuntur
859 2440 872 2461 ‚
914 2423 1078 2471 quaeque
1110 2421 1199 2470 ger-

156 2493 284 2521 mana
333 2474 423 2516 sunt
468 2472 692 2526 primarum
738 2464 952 2508 simulacra
986 2477 1197 2518 cogitatio-

151 2541 290 2586 hum,
327 2531 418 2574 ideo
449 2529 620 2571 sincerus
659 2522 900 2580 Apostolicae
934 2521 1203 2564 institutionis

156 2588 409 2635 &Ecclesiae
441 2583 634 2628 universae
667 2580 797 2623 sensus
832 2595 914 2621 non
938 2579 1100 2622 aliunde
1121 2593 1203 2621 me-

155 2649 237 2691 lius
267 2644 514 2700 colligitur,
547 2655 669 2696 quam
702 2653 722 2680 e
757 2636 931 2678 lefflone
969 2636 1050 2690 ipsa
1066 2637 1202 2677 Cano-

157 2721 287 2757 num,
325 2703 393 2759 qui
430 2696 693 2753 Evangelicis
725 2694 896 2736 sensibus
920 2724 931 2744 ,
961 2693 1003 2736 ὃς
1032 2692 1204 2745 Aposto-

154 2764 246 2807 licis
267 2758 548 2804 conciliorum
566 2754 732 2797 vocibus
753 2762 1045 2812 contexuntur.
1069 2750 1204 2812 Quam

155 2819 275 2864 nobis
309 2817 448 2861 lucem
485 2827 608 2868 prope
642 2809 887 2872 abstulerunt
917 2821 1120 2849 immania
1136 2821 1202 2847 vo·

229 985 365 1040 saepius
395 982 444 1024 ab
477 975 678 1022 intestinis
711 972 956 1017 factionibus
987 970 1184 1013 Christia-
1236 971 1699 1015 mentitiosexcutimus
1722 987 1880 1027 ramos,
1912 973 2198 1030 volvimurque
2212 974 2272 1017 af-

1239 1030 1342 1073 fidue
1377 1044 1448 1084 per
1485 1028 1657 1081 ineptias
1695 1028 1965 1084 interpretum
1999 1046 2170 1084 eorum,
2200 1030 2274 1087 qui

1239 1101 1448 1131 canonum
1473 1085 1593 1128 verba
1619 1084 1823 1129 violenter
1843 1099 2036 1144 torquent
2053 1088 2101 1130 ad
2117 1088 2279 1144 ingeni·

1240 1161 1310 1187 um
1332 1160 1377 1186 ac
1404 1156 1567 1196 tempus
1594 1141 1832 1200 lucrumque
1855 1145 1997 1198 suum3
2024 1145 2172 1201 quippe
2190 1144 2281 1200 pul-

1243 1203 1312 1244 sae
1331 1200 1578 1243 Christianis
1604 1200 1783 1244 moribus
1806 1204 1929 1246 veteri
1947 1202 2154 1246 severitate
2173 1234 2184 1254 ,
2202 1218 2282 1244 no·-

1243 1274 1336 1301 vam
1366 1259 1638 1319 ignotamque·
1663 1273 1827 1302 morum
1852 1260 2023 1303 attulere
2050 1259 2282 1312 licentiam,

1239 1315 1522 1359 Christianam
1548 1313 1852 1360 institutionem
1879 1333 1929 1361 ex
1956 1317 2107 1360 austera
2127 1317 2168 1360 δε
2189 1333 2281 1373 gra-

1242 1373 1283 1417 vi
1318 1372 1521 1416 remissam
1556 1371 1765 1415 reddentes
1796 1386 1916 1431 atque
1946 1373 2224 1429 praefraEtam.

1298 1433 1354 1474 Et
1378 1445 1426 1472 ne
1447 1461 1458 1481 ‚
1493 1428 1760 1473 reviviscente
1787 1432 2055 1487 antiquorum
2071 1445 2280 1475 canonum

1243 1486 1577 1541 studio,bfraudis
1607 1486 1678 1528 sure
1718 1489 2034 1545 redarguantur,
2066 1488 2283 1531 ausiorita-

1242 1560 1324 1589 tem
1364 1545 1554 1586 nituntur
1597 1559 1768 1587 omnem
1814 1546 1999 1589 vetustati
2037 1546 2283 1598 detrahere,

1243 1617 1442 1658 tanquam
1471 1600 1714 1645 veterascere
1730 1616 1849 1657 queat
1875 1603 1914 1647 id
1930 1636 1941 1657 ,
1975 1602 2081 1658 quod
2101 1603 2154 1646 est
2168 1615 2283 1645 aeter-

1244 1676 1343 1706 num,
1369 1675 1416 1702 ac
1450 1657 1645 1713 temporis
1684 1674 1826 1714 expers
1845 1693 1859 1715 ,
1889 1660 2021 1717 qualis
2043 1659 2097 1703 est
2127 1659 2285 1716 sapien-

1245 1719 1298 1761 tia
1325 1715 1526 1772 virtusque
1553 1715 1693 1758 divina
1727 1748 1737 1769 ,
1773 1733 1861 1773 quae
1888 1716 2165 1761 immutabilis
2188 1731 2285 1760 cum

1246 1776 1315 1829 sit,
1349 1775 1394 1817 de
1422 1773 1456 1816 se
1489 1773 1547 1815 ita
1569 1773 1779 1828 praedicat:
1816 1776 2015 1818 Dominus
2033 1771 2201 1830 poffedit
2227 1789 2286 1815 me

1244 1834 1294 1875 ab
1329 1833 1395 1874 ini.
1409 1831 1444 1873 io
1489 1831 1649 1873 viarum
1680 1831 1847 1883 suarum
1872 1865 1882 1883 ,
1915 1845 2127 1887 antequam
2169 1831 2289 1885 quid-

1247 1906 1364 1947 quam
1389 1886 1503 1941 fieret
1524 1905 1548 1929 a
1569 1888 1763 1942 principio
1787 1919 1798 1931 .
1842 1890 1911 1932 Ab
1940 1903 2074 1940 aeterno
2103 1888 2288 1931 ordinata

1241 1949 1331 2003 sum
1348 1979 1359 2000 ,
1391 1946 1445 1989 (9⁴
1472 1961 1517 1988 ex
1544 1946 1752 2000 antiquis,
1775 1960 1990 2003 antequam
2016 1960 2118 1990 terra
2133 1944 2249 1999 fieret
2267 1961 2290 1996 ‚²

1247 2018 1314 2049 aut
1345 2018 1542 2059 tanquam
1567 2003 1717 2046 Christi
1756 2017 1952 2060 praecepta
1985 2037 1997 2058 ‚
2032 2003 2197 2058 perinde
2226 2014 2290 2045 at-

1249 2078 1325 2118 que
1346 2076 1488 2105 eorum
1510 2059 1676 2114 ingenia
1694 2092 1706 2112 ,
1740 2062 1996 2116 temporibus
2027 2062 2070 2105 &
2090 2059 2291 2115 potentiae

1250 2119 1505 2163 famulentur
1525 2149 1539 2170 ,
1572 2116 1636 2160 vel
1668 2130 1867 2174 tanquam
1903 2119 2008 2163 resia
2041 2117 2144 2162 ratio
2169 2115 2288 2160 simul

1253 2193 1346 2222 cum
1381 2175 1573 2218 humanis
1607 2175 1788 2218 moribus
1821 2189 2111 2220 convertatur.

1309 2232 1591 2289 Qiamobrem
1626 2231 2057 2288 privatasopiniones,
2093 2229 2294 2288 privatos-

1250 2308 1326 2348 que
1343 2290 1472 2334 sensus
1487 2289 1604 2331 unius
1617 2300 1685 2331 aut
1699 2288 1862 2333 alterius
1878 2291 2069 2343 familiae,
2100 2302 2287 2332 nontam

1252 2367 1272 2392 a
1287 2348 1521 2392 divinarum
1544 2362 1689 2401 ‚quam
1706 2347 1753 2388 ab
1769 2347 2043 2391 humanarum
2061 2360 2195 2389 rerum
2213 2345 2291 2386 stu-

1252 2409 1318 2449 dio
1343 2405 1540 2461 profe&os
1559 2435 1568 2454 ‚
1587 2403 1692 2456 prius
1708 2404 1889 2447 doctrina
1923 2404 2197 2457 sententiaque
2211 2402 2294 2444 Ec-

1255 2464 1377 2506 clesiae
1396 2461 1589 2505 universae
1605 2459 1881 2504 fraudulenter
1895 2462 2101 2504 obducunt
2123 2471 2189 2507 ,ut
2204 2471 2296 2513 apte

1255 2523 1296 2565 in
1313 2536 1379 2564 eos
1400 2521 1512 2563 cadat
1532 2517 1628 2560 illud
1652 2518 1828 2560 Antonii
1856 2518 1902 2560 ad
1924 2517 2088 2560 alterius
2103 2515 2293 2559 factionis

1259 2577 1449 2622 homines
1469 2592 1477 2617 :
1511 2573 1653 2628 Castra
1670 2574 1853 2629 Pompeii
1863 2576 2057 2618 Senatum
2067 2573 2292 2630 appellatis.

1257 2639 1396 2690 Atque
1419 2635 1474 2675 ita
1501 2633 1651 2674 audent
1671 2631 1921 2686 corruptelas
1945 2633 2027 2675 suas
2052 2628 2292 2686 antiquitati

1258 2691 1441 2748 praeferre
1475 2721 1487 2741 ,
1524 2686 1633 2743 quasi
1668 2687 1771 2730 ratio
1801 2689 2045 2732 Christiana:
2077 2687 2299 2732 institutio·

1259 2751 1320 2792 nis
1351 2781 1362 2801 ,
1405 2747 1448 2789 δε
1477 2746 1541 2788 lex
1575 2744 1744 2787 interior
1775 2747 1968 2790 exteriori
2001 2746 2229 2790 mutatione
2257 2757 2304 2786 ac

1259 2806 1378 2850 novis
1409 2804 1682 2857 interpretum
1725 2802 1878 2846 deliriis
1898 2804 2210 2855 extingueretur
2227 2832 2236 2843 .

1319 2866 1387 2905 An
1422 2860 1538 2903 enim
1573 2858 1752 2901 Ecclesia
1795 2860 1997 2904 dimiserit
2037 2874 2216 2916 unquam
2249 2856 2311 2899 su-

1264 2923 1446 2974 sceptum
1488 2916 1608 2959 semel
1651 2916 1815 2971 pietatis
1853 2917 1895 2960 8(
1934 2917 2090 2969 justitiae
2128 2915 2312 2966 sensum,

1263 2978 1330 3034 qui
1360 2975 1511 3018 divinae
1545 2974 1680 3028 portio
1713 2974 1766 3016 est
1798 3005 1809 3027 ,
1853 2974 1896 3017 δε
1931 2973 2207 3017 immutabilis
2234 2972 2316 3014 im·-

1268 3031 1531 3088 mortalisque
1578 3034 1776 3073 naturae?
1823 3033 1892 3073 An
1939 3032 2166 3083 versatilem
2200 3027 2317 3070 nobis

1267 3090 1456 3145 Christus
1501 3087 1667 3131 tradidit
1719 3087 2010 3143 volucremque
2041 3088 2320 3147 doctrinam„

1269 3161 1313 3193 ut
1343 3144 1752 3204 quaeApostolorum
1785 3157 1969 3202 tempore
1997 3161 2090 3190 vera
2116 3145 2191 3189 suit
2220 3154 2323 3185 ratio

2245 3199 2329 3255 pie·

156 2876 324 2922 lumina
384 2874 640 2928 privatorum
691 2876 965 2919 interpretum
1001 2895 1013 2915 ‚
1064 2862 1209 2918 quibus

159 2934 317 2992 priscus
351 2930 504 2974 candor
537 2923 868 2984 obtenebratur,
902 2933 975 2971 ut,
1007 2918 1207 2983 quo-1013.

158 2994 253 3049 gius
284 3005 358 3045 per
392 2984 746 3039 interpretationes
798 2978 977 3041 aliorum
1010 2993 1032 3019 a
1065 2991 1211 3040 primis

159 3046 399 3094 auctoribus
434 3055 681 3098 evagamur,
713 3053 761 3079 eo
785 3037 1031 3078 turbatiores
1049 3034 1209 3097 hauria-

159 3121 258 3151 mus
289 3103 537 3159 opiniones.
569 3099 685 3141 Nam
721 3093 831 3136 sicuti
867 3092 978 3134 rivus
1011 3091 1212 3147 longiusa

159 3166 282 3209 fonte
313 3160 547 3205 discurrens
589 3166 740 3199 venam
783 3148 1041 3194 obliviscitur
1074 3149 1212 3202 suam,
