2451 3470
707 108 1677 174 OPUSCULA.·

2129 113 2160 166 ⁴1
2174 112 2239 184 ὃς

125 213 201 242 nec
243 195 413 240 cerastas
456 191 652 250 pepererit
689 225 701 246 ,
739 207 867 248 neque
917 191 1157 233 Adromadae
1214 203 1299 230 turn
1335 189 1377 230 in
1409 185 1546 228 civilia
1581 183 1685 227 bella
1710 183 2033 247 &werel-Quae
2053 182 2237 231 bellant,

126 259 345 308 strepentes
375 254 420 294 de
457 252 616 305 scopulo
647 264 807 293 catenas
838 248 1008 291 audierit
1044 278 1056 299 ,
1090 262 1151 289 ne-

127 327 203 368 que
236 311 508 353 humanarum
530 311 678 361 dapum
702 305 885 349 foeditate
903 303 1025 346 solem
1046 319 1158 366 aver—

131 369 247 420 terit,
285 382 359 409 nec
393 380 580 408 materno
614 364 745 407 furore
779 374 848 405 aut
870 360 1084 414 Meleagro
1103 376 1160 402 vi-

127 440 213 469 tam
246 424 452 474 exustam,
485 435 554 464 aut
577 421 757 467 Penthea
790 417 1034 470 discerptum
1055 417 1162 459 vide-

128 483 206 533 rit,
240 495 368 535 neque
393 478 652 534 Iphigeniam
682 476 861 530 aliquam
885 487 1050 536 paterno
1065 489 1161 515 con-

128 538 215 581 filio
247 537 388 580 caesam
423 535 590 587 tulerit,
624 547 753 588 neque
785 530 1004 577 foeminam
1035 529 1162 572 ullam

131 594 200 637 sub
233 609 363 636 vaccae
397 592 526 648 specie
571 589 727 645 paverit
758 604 771 642 3
813 601 940 641 neque
973 587 1164 629 homines

132 653 308 706 pinnum
355 650 476 691 ramis
529 648 736 702 utrimque
781 658 946 705 nexos,
997 642 1163 705 ‘illisque

131 706 427 750 discedentibus
468 703 646 746 divulsos
677 735 689 755 ,
747 714 815 743 aut
846 699 1032 742 Scironia
1076 701 1164 742 saxa

132 764 341 820 hospitum
374 763 416 805 in
448 761 625 804 exitium
666 757 817 801 dederit
838 787 847 797 .
894 757 982 807 (a)

185 850 247 893 At
278 865 351 891 non
375 844 584 902 squamosi>
625 844 810 900 labuntur
840 852 974 883 ventre
996 838 1164 895 cerastae3

246 906 350 948 Itala
374 903 568 959 portentis
601 916 668 942 nec
692 898 796 952 furit
827 914 907 940 una
937 899 1075 940 novis.

185 963 280 1005 Non
321 960 382 1003 hic
421 958 683 1002 Andromadae
725 955 903 1010 resonant
940 966 1010 1013 pro
1043 967 1165 998 matre

243 1031 382 1060 catenae
403 1033 414 1069 ;

183 1075 274 1118 Nec
314 1072 451 1117 tremis
493 1071 694 1126 Ausonias·
727 1102 740 1124 ,
796 1068 941 1113 Phoebe
976 1067 1118 1125 fugate
1149 1100 1161 1122 ‚

240 1133 393 1188 dapes,

185 1190 273 1234 Nec
312 1190 497 1243 cuiquam
537 1186 716 1240 absentes
755 1182 932 1236 arserunt
972 1184 1017 1226 in
1049 1195 1165 1240 caput

301 1263 313 1288 t
335 1263 433 1298 nes,

240 1262 426 1346 Exiiimn
457 1309 546 1343 nato
579 1310 702 1341 matre
727 1308 890 1353 parente
913 1296 986 1350 suo
1009 1314 1022 1337 .-

190 1360 367 1408 Penthea
399 1376 472 1401 non
495 1358 605 1412 saevae
635 1358 830 1399 venamur
860 1354 900 1396 in
913 1355 1045 1397 arbore
1057 1356 1165 1398 Bac-

302 1419 374 1458 chae
395 1431 414 1467 ,-

181 1473 270 1517 Nec
293 1472 420 1526 solvit
451 1472 621 1514 Danaas
643 1469 812 1524 subdita
842 1485 957 1512 cerva
991 1483 1120 1512 rates:

179 1533 341 1575 Cornua
370 1544 439 1571 nec
470 1530 602 1571 valuit
630 1543 792 1569 curvare
811 1528 854 1568 in
869 1529 1006 1582 pellice
1020 1529 1049 1581 J
1053 1544 1127 1570 uno
1141 1543 1160 1578 ,-

238 1587 327 1629 Aut
354 1584 497 1638 faciem
530 1587 635 1640 turpi
665 1584 889 1626 dedecorare
921 1586 1044 1626 bove:

175 1643 451 1697 Arboreasque
482 1659 609 1685 cruces
637 1642 776 1694 Sinis,
808 1640 864 1684 (9⁹
899 1659 975 1684 non
1005 1641 1160 1697 hospita

295 1701 436 1749 Graiis
805 1712 808 1719 ¹

171 1758 318 1812 Saxa,
350 1755 415 1799 (θ’.
437 1768 625 1798 curvatas
653 1756 696 1799 in
719 1755 798 1809 sua
822 1754 916 1813 fiztfg
948 1757 1100 1800 trabes.

181 1843 416 1887 Enimvero
447 1841 580 1885 Graeci
614 1841 789 1897 pariter,
822 1857 868 1885 ae
901 1842 1059 1886 barbari
1094 1837 1156 1885 ra⁷-

128 1898 290 1944 tionem
333 1916 355 1942 a
399 1900 580 1954 potentia
614 1914 626 1950 3
672 1899 852 1942 Rotnani
886 1914 983 1942 vero
1017 1911 1158 1954 poten-

128 1957 232 2000 tiam
265 1973 288 1999 a
309 1957 466 1999 ratione
486 1955 771 2009 ordiebantur,
803 1971 974 2012 eamque
991 1958 1156 2000 tueban-

128 2026 194 2057 tur
225 2014 426 2069 gravitate
469 2025 588 2068 atque
631 2013 890 2056 constantia:
943 2029 1031 2068 quae
1062 2029 1157 2057 cum

123 2070 172 2114 in
205 2069 319 2113 libris
358 2067 562 2112 habitaret
594 2071 833 2112 Graecorum
862 2101 875 2122 ‚
917 2069 1103 2113 exularet
1134 2087 1156 2112 a

125 2127 311 2170 moribus
340 2141 351 2179 3
401 2126 553 2171 crebrae>
579 2126 830 2170 mutationes
863 2126 1152 2181 Rerumpubli-

121 2198 262 2227 carum
300 2183 404 2236 apud
437 2198 505 2225 eos
533 2183 792 2236 oriebantur,
823 2183 865 2225 δί
899 2196 1054 2227 mutuae
1081 2199 1154 2226 cae-

122 2241 189 2284 des
219 2240 262 2283 131
296 2239 485 2283 intestina
517 2239 668 2282 dissidia
699 2239 742 2283 ἃ
773 2255 822 2283 ex
855 2240 1024 2295 privatis
1053 2241 1156 2283 odiis

122 2297 295 2354 publicae
341 2295 504 2339 ruinae:
554 2308 600 2338 ut
642 2296 962 2340 Atheniensium
1007 2298 1153 2341 statum

121 2354 308 2397 Cleonis
330 2353 462 2408 potius
495 2353 732 2406 temeritas,
763 2353 807 2396 δὲ
841 2353 1067 2397 Alcibiadis
1081 2370 1153 2398 vo-

121 2410 534 2462 lubilitaseverterit,
567 2426 690 2464 quam
708 2410 1007 2454 Thebanorum
1039 2427 1153 2455 arma

121 2466 165 2511 ὃ(
185 2467 614 2512 Lacedaemoniorum:
650 2468 838 2523 Quorum
853 2468 996 2511 deinde
1007 2481 1152 2525 poten-

121 2525 226 2567 tiam
259 2524 381 2568 iidem
412 2523 607 2568 Thebani
634 2556 647 2577 ‚
687 2524 758 2581 qui
791 2525 884 2568 odio
916 2525 1151 2570 Athenien-

122 2581 223 2623 sium
255 2595 344 2623 earn
368 2594 589 2636 auxerant,
623 2582 791 2625 mutatis
825 2581 1037 2626 confestim
1067 2583 1153 2639 post

120 2637 337 2680 vietoriam
369 2637 520 2697 aujhlis
546 2671 558 2691 ,
592 2637 907 2696 perfregerunt,
939 2654 986 2683 ut
1019 2639 1054 2683 se
1086 2641 1152 2684 de·

119 2709 267 2746 mum,
298 2695 395 2750 curri
425 2687 540 2744 ‹iffi‘ni
574 2695 735 2739 Graecia
766 2696 1057 2740 domesticis&
1081 2714 1150 2741 vo-

121 2750 314 2794 luntariis
337 2749 515 2793 cladibus
534 2751 698 2806 attrita,
723 2753 1152 2803 deduxferitinMace-

123 2809 276 2851 donum
306 2807 564 2861 potestatem:
597 2809 757 2852 Contra
778 2813 1064 2854 Romanorum
1089 2814 1149 2855 in·

123 2877 185 2907 ter
212 2864 245 2908 se
277 2866 368 2907 odia
393 2863 620 2910 domesticis
648 2866 826 2911 consiliis
852 2867 947 2922 saepe
975 2869 1154 2924 quiesce-

123 2923 248 2974 bant3
283 2937 409 2978 neque
433 2921 504 2963 nisi
532 2921 612 2974 post
633 2936 761 2964 annos
780 2923 830 2965 ab
849 2923 904 2966 U.
921 2925 974 2967 C.
991 2925 1149 2970 sexcen-

230 2979 330 3032 Jam‘
362 2980 573 3021 Gravinae.
604 2980 719 3020 Tom.
750 2981 806 3022 II.

124 3111 619 3123 οο--η--ι--οο--ῄα-

169 3168 254 3209 (α)
282 3169 376 3211 Elrg.
406 3178 458 3200 21.
490 3167 548 3201 tib.
576 3177 607 3207 3.

1213 259 1388 298 cumque
1421 258 1529 285 nova
1560 241 1604 284 δι
1634 240 1954 287 extraordinaria·
1988 244 2238 296 imperiain-

1215 312 1400 343 vexerint
1444 299 1487 340 in
1524 297 1840 355 Rempublicam
1870 328 1884 349 ,
1924 295 2051 350 ipsam
2095 313 2237 343 tamen

1217 355 1531 410 Rempublicam
1565 370 1778 411 nunquam
1810 351 2050 398 deleverunt
2074 387 2084 405 ‚
2128 371 2241 399 eam-

1212 429 1287 468 que
1321 414 1421 455 hosti
1457 412 1560 455 nulli
1583 425 1755 456 externo
1776 410 2061 466 prodiderunt.
2083 412 2239 456 Exem-

1215 471 1280 525 plo
1312 470 1358 512 fit
1378 469 1605 522 Sertorius,
1636 471 1704 524 qui
1729 468 1990 512 Mithridatis
2017 483 2138 522 opem
2166 469 2237 511 fibi

1212 526 1392 570 oblatam
1427 526 1559 568 noluit
1591 526 1801 581 accipere,
1834 525 1901 567 sub
1919 540 1964 568 ea
1984 524 2238 577 conditione,

1213 597 1255 626 ut
1288 583 1512 637 eriperetur
1535 583 1630 626 Asia
1671 587 1821 638 populo
1855 584 2049 625 Romano
2075 613 2087 634 ,
2132 583 2243 632 cujus

1215 640 1293 695 ipse
1324 640 1446 682 armis
1477 639 1810 694 opprimebatur3
1841 639 2143 693 &Pompeiu5,
2169 641 2239 694 qui

1214 697 1317 739 fusus
1347 707 1466 749 atque
1495 695 1652 751 fugatus
1676 712 1696 738 a
1724 696 1905 745 Caesare,
1938 697 2075 738 durius
2107 708 2241 740 morte

1215 753 1282 795 sibi
1321 752 1564 794 Parthorum
1606 753 1807 795 auxilium
1859 751 2053 802 iudicavit
2079 784 2091 806 ‚
2144 756 2241 796 cum

1213 813 1366 859 Graecae
1397 809 1580 851 civitates
1611 810 1799 853 certatim
1836 809 1903 852 sibi
1938 809 2189 854 Pharnabazi
2225 842 2238 864 ‚

1213 865 1564 920 autTisaphernis
1596 865 1762 919 alicujus
1792 867 1965 922 gratiam
1980 878 2238 922 appeterent3

1213 935 1258 967 ut
1300 937 1370 978 per
1411 938 1478 965 eos
1520 922 1696 978 aliosque
1739 924 2038 967 conterminos·
2068 925 2241 979 satrapas

1213 995 1480 1024 communem
1512 979 1665 1025 hostem
1694 1012 1707 1034 ,
1739 995 1886 1035 nempe
1921 981 2124 1025 Persarum
2158 984 2241 1025 Re·-

1213 1053 1335 1094 gem,
1369 1049 1510 1081 contra
1545 1036 1749 1092 propriam
1782 1037 1996 1082 nationem
2019 1050 2235 1096 urgerent.

1270 1096 1371 1149 Qiae
1402 1094 1532 1142 variaej
1566 1095 1673 1138 inter
1700 1094 1733 1137 se
1760 1108 1867 1138 notae
1889 1107 2010 1150 atque
2036 1096 2238 1151 imagines

1211 1153 1446 1194 animorum
1488 1166 1509 1193 a
1546 1151 1799 1205 Principibus
1849 1153 2052 1208 utriusque
2096 1152 2236 1209 populi

1214 1207 1345 1252 Poetis
1359 1210 1544 1250 Homero
1563 1208 1604 1249 δε
1620 1208 1800 1263 Virgilio
1815 1209 1985 1252 mirifice
2000 1211 2242 1266 exprimun-

1213 1277 1301 1309 tur:
1335 1263 1542 1320 Siquidem
1564 1265 1739 1308 Homeri
1762 1266 1896 1308 Duces
1921 1266 1963 1308 δε
1980 1268 2110 1322 Reges
2125 1283 2241 1322 rapa-

1212 1323 1334 1366 citate
1350 1354 1361 1375 ,
1393 1321 1562 1379 libidine
1576 1352 1587 1374 ,
1601 1333 1721 1378 atque
1734 1322 1909 1365 anilibus
1927 1324 2137 1378 questubus
2154 1356 2164 1378 ‚
2182 1325 2240 1367 la·

1211 1379 1439 1435 crymisque
1482 1378 1700 1434 puerilibus
1734 1394 1906 1434 graecam
1944 1381 2155 1424 levitatem
2197 1382 2240 1424 &

1212 1436 1527 1484 inconstantiam
1543 1434 1722 1481 referunt
1737 1451 1750 1489 ς
1771 1436 1999 1492 Virgiliani
2017 1452 2111 1480 vero
2126 1437 2242 1481 Prin-

1211 1495 1318 1549 cipes
1333 1494 1382 1537 ab
1394 1492 1549 1538 eximio
1565 1494 1685 1537 Poeta
1709 1493 1778 1549 qui
1798 1496 1997 1537 Romanae
2025 1494 2243 1538 severitatis

1211 1551 1411 1595 fastidium
1439 1550 1481 1594 &
1504 1550 1698 1594 Latinum
1719 1550 1979 1605 supercilium
2000 1553 2239 1605 verebatur,

1209 1610 1252 1653 ὅ(
1270 1609 1316 1651 ad
1343 1610 1528 1652 Heroum
1547 1607 1743 1662 populum
1763 1608 2031 1664 loquebatur,
2057 1609 2111 1653 ita
2126 1626 2243 1654 com-

1213 1678 1420 1722 ponuntur
1452 1665 1499 1708 ad
1526 1664 2078 1716 majestatem-Consularem
2104 1682 2120 1724 3
2166 1679 2209 1709 ut
2227 1698 2239 1718 ‚

1208 1722 1398 1781 quamvis
1427 1722 1477 1766 ab
1502 1721 1677 1766 Asiatica
1710 1721 1891 1766 mollitie
1913 1722 2090 1779 luxuque
2119 1739 2243 1767 vene-

1210 1781 1321 1834 rint,
1337 1781 1446 1824 inter
1466 1780 1606 1823 Furios
1629 1792 1750 1836 atque
1764 1779 1968 1824 Camillos
1991 1781 2075 1823 nati
2090 1781 2238 1824 educa-

1218 1837 1329 1894 tique
1349 1837 1588 1889 videantur,
1609 1852 1737 1893 neque
1754 1837 1865 1881 suam
1884 1837 1971 1881 ullo
1990 1837 2080 1881 affin
2095 1839 2245 1881 AEneas

1205 1895 1413 1951 originem
1443 1893 1697 1950 prodidiffet,
1729 1893 1802 1937 nisi
1823 1911 1845 1937 a
1877 1894 2143 1950 praefraffiore
2164 1894 2244 1939 ali-

1205 1952 1368 2009 quando
1391 1952 1539 2007 pietate
1570 1951 1727 1994 fudisset
1757 1951 1898 1995 crebro
1916 1952 2080 2007 copiam
2109 1952 2240 2006 lacry-

1204 2025 1394 2062 marum3
1425 2023 1522 2064 quas
1551 2008 1671 2051 aliter
1701 2007 1920 2052 revocasset
1940 2040 1951 2062 ‚
1984 2022 2028 2053 ut
2053 2010 2094 2052 &
2117 2009 2238 2054 hodie

1204 2079 1365 2110 revocat
1380 2077 1593 2120 parentum
1609 2064 1735 2115 etiam
1754 2064 1797 2108 δε
1817 2077 2006 2108 natorum
2030 2066 2071 2108 in
2095 2065 2238 2110 funere

1204 2124 1342 2167 nativa
1359 2121 1429 2165 soli
1448 2121 1567 2172 hujus
1591 2121 1775 2177 gravitas
1799 2123 1850 2165 ab
1870 2122 1999 2166 oculis
2022 2126 2237 2166 Romano-

1205 2196 1322 2224 rum:
1358 2192 1430 2232 ut,
1462 2179 1616 2221 mirum
1650 2177 1788 2231 dietu,
1822 2193 1986 2234 parcant
2023 2180 2063 2222 in
2081 2196 2235 2236 cogna-

1206 2250 1340 2281 torum
1372 2235 1680 2291 amicorumque
1713 2247 1845 2279 morte
1890 2236 2080 2291 lacrymis
2105 2269 2117 2290 ,
2162 2237 2234 2293 qui

1204 2294 1331 2338 nullis
1359 2291 1563 2336 laboribus
1583 2292 1627 2335 in
1650 2292 1820 2346 morbo,
1854 2293 1977 2337 nullis
2003 2294 2166 2350 pietatis
2191 2295 2233 2338 &

1204 2351 1386 2395 caritatis
1417 2349 1564 2393 officiis
1595 2362 1886 2405 pepercerunt.

1263 2411 1355 2464 Qua
1388 2407 1609 2450 meliorum
1642 2408 1890 2463 expressione
1922 2423 2085 2453 morum
2116 2441 2128 2464 ,
2161 2409 2237 2454 hac

1202 2477 1317 2510 aetate
1389 2480 1477 2512 ⁴non
1541 2462 1662 2507 modo
1726 2463 1927 2520 Virgilius
1986 2467 2233 2511 Latinorum

1201 2525 1418 2566 Poetarum
1466 2520 1658 2577 Princeps
1696 2551 1708 2575 ‚
1763 2521 1822 2564 sed
1874 2522 2008 2578 quivis
2061 2524 2235 2568 inflatis-

1201 2580 1323 2624 fimus
1366 2576 1700 2622 Vernaculorum
1744 2581 1929 2623 Homero
1982 2580 2189 2635 praefertur
2224 2598 2233 2623 z

1201 2653 1296 2681 cum
1329 2635 1398 2679 hic
1429 2636 1589 2679 animos
1620 2635 1854 2690 proceribus
1896 2637 2074 2681 induerit
2105 2639 2191 2682 suos
2222 2669 2235 2692 ,

1199 2694 1271 2739 ille
1316 2708 1409 2736 vero
1453 2692 1642 2736 alienos:
1686 2691 1730 2735 δι
1772 2693 1878 2736 inter
1924 2695 2100 2749 Poetas,
2148 2711 2232 2739 non

1199 2752 1245 2796 de
1280 2750 1540 2806 personarum
1569 2781 1582 2802 ,
1625 2765 1722 2804 quas
1768 2749 1966 2794 inducunt
1998 2783 2010 2805 ,
2031 2785 2035 2789 .
2060 2753 2240 2808 dignita-

1201 2821 1238 2852 te
1273 2840 1285 2862 ,
1343 2808 1403 2851 sed
1446 2807 1492 2851 de
1538 2807 1786 2850 imitat-ionis
1835 2809 2003 2852 veritate
2059 2822 2234 2853 conten-

1199 2867 1359 2918 datur,
1405 2879 1478 2907 nec
1523 2863 1660 2906 minus
1712 2864 1894 2909 conferat
1934 2868 2128 2920 expressio
2168 2868 2236 2909 de-

1200 2923 1395 2967 teriorum
1454 2921 1503 2964 ad
1559 2922 1866 2977 praecavendum
1903 2954 1914 2975 ‚
1967 2938 2089 2978 quam
2147 2938 2232 2965 rne-

1716 2980 1792 3021 Aa
2158 2980 2233 3022 lio-

1198 3110 2236 3125 -———---—--ae———--⁴———--—----—--—————-—-—--——
