2451 3470
165 92 274 147 204
634 76 1749 140 INSTITUTIONES

147 151 274 215 neia,
304 150 348 194 &
377 148 480 195 datis
508 166 532 195 a
562 152 816 210 Magistratu
841 184 850 195 .
895 153 970 197 Sed
1005 153 1084 197 hoc
1114 153 1200 216 jure
1252 171 1348 200 cum
1380 172 1440 201 res
1471 158 1576 203 calet
1605 191 1618 213 ,
1649 157 1909 219 exigiturque
1939 164 2145 221 praesentia
2176 164 2296 222 ipfius

146 219 330 272 minime.
373 208 519 263 gaudet
551 241 566 265 ,
615 209 643 253 fi
691 210 742 253 ad
792 210 986 254 secundas
1036 223 1205 267 nuptias
1253 215 1457 257 Tutoris.
2209 236 2212 237 ⁷

150 265 353 330 transierit
374 297 384 309 .
414 268 474 320 (a
492 266 511 318 )
1311 272 1405 315 Nec
1426 271 1522 315 licet
1541 273 1785 318 Debitorem
1802 307 1814 328 ,
1846 287 1914 318 aut
1935 277 2194 324 Creditorem
2214 279 2291 322 Pu-

206 325 415 380 Legitima
462 323 588 368 tutela
633 324 687 367 est
716 356 727 377 ,
758 339 845 380 quae
875 341 904 387 a·
930 326 1037 381 Lege
1069 324 1199 369 defer-
1253 327 1343 384 pilli
1358 330 1565 373 Tutorem
1595 330 1727 375 eidem
1759 348 1782 375 a
1813 333 1952 384 Judioe
1983 335 2094 389 dari-3
2127 336 2292 378 sedtan-

147 394 215 426 tur
259 384 308 425 iis
333 413 347 435 ‚
388 381 457 438 qui
491 393 693 424 vocantur
725 382 772 424 ad
807 381 958 437 Pupilli
994 382 1199 426 sncceffio-
1254 399 1342 429 turn
1385 402 1435 430 ex
1480 388 1719 431 testamento
1755 421 1767 440 ,
1817 389 1860 432 ὅ(
1901 405 1951 434 ex
1982 406 2092 435 certa
2122 392 2292 436 scientia

149 455 274 484 nem:
308 439 448 497 quales
479 438 603 482 hodie
640 438 730 481 sunt
759 453 907 502 omnes
929 439 1201 494 proximiores
1253 443 1479 488 Testatoris
1509 476 1522 497 ,
1553 445 1618 489 cui
1649 457 1810 501 oportet
1846 447 2044 491 Debitum
2075 449 2118 492 &
2149 449 2293 492 Credi-

150 496 463 551 Consanguinei
492 495 616 559 „sive
647 508 811 551 cognati
846 496 922 538 sint
951 527 964 550 ,
999 496 1077 540 hoc
1119 498 1202 550 est,
1255 511 1343 544 tum
1374 501 1449 545 effe
1482 514 1658 555 uotum;
1682 515 1857 559 excepta
1887 505 2027 548 Matre
2045 536 2057 558 ‚
2086 505 2129 548 ἃ
2155 506 2292 558 Avia,

155 572 207 600 ex
239 555 363 599 latere
395 554 546 596 Matris
581 554 777 606 veniant,
811 553 889 617 sive
904 554 1094 610 Agnati,
1126 555 1206 598 hoc
1253 559 1423 613 quibus,
1454 559 1502 601 ad
1536 559 1711 602 tutelam
1742 560 1961 615 gerendam
1989 592 2001 614 ,
2033 560 2291 606 contractum

157 614 212 657 est
237 645 250 666 ‚
297 612 467 655 veniant
511 625 560 654 ex
605 609 728 656 latere
763 610 889 652 Patris
925 627 934 652 ε
966 612 1077 655 inter
1106 627 1206 667 quos
1249 630 1350 657 cum
1402 615 1564 670 Pupillo
1595 616 1778 661 debitum
1809 617 1852 661 ὃ(
1883 618 2085 662 creditum
2117 618 2293 662 minime

159 671 281 714 hodie
314 669 465 712 servata
498 678 660 711 tantum
695 667 913 711 vicinitate
943 669 1087 724 gradus
1111 701 1124 722 ,
1157 669 1219 717 si·¹
1253 673 1407 715 obstat.
1438 674 1524 724 (b)

156 741 226 772 cut
258 728 300 770 iri
334 724 576 787 hereditaria
609 725 849 768 successione
871 757 882 777 ‚
912 723 967 769 'sic
997 728 1125 770 etiam
1157 727 1199 770 &
1315 730 1557 773 I-mmobilia
1589 730 1738 786 Pupilli
1774 731 1836 774 vel
1872 731 2042 775 minoris
2074 732 2180 775 bona
2201 762 2213 785 ‚
2245 731 2292 774 si-

149 786 196 829 in
229 783 396 828 Tutelae
426 797 510 833 ‚ure
530 814 542 836 ,
574 798 701 826 omne
733 783 952 826 discrimen
983 784 1036 827 est
1070 782 1201 827 subla·
1255 801 1307 829 ne
1348 787 1499 838 Judicis
1541 787 1702 831 decreto
1741 819 1752 833 2
1803 789 2007 833 inutiliter
2037 790 2296 842 alienantur,

152 855 271 887 tum.
306 840 585 895 Cognationis
619 853 758 883 autem
793 841 963 884 nomine
997 840 1117 884 latius
1143 858 1205 885 aa
1255 857 1325 888 aut
1358 843 1587 900 hipothecae
1615 845 1882 896 subjiciuntur
1911 879 1918 885 .
1979 847 2062 901 [c]

155 913 301 955 cepto,
334 898 510 941 veniunt
543 897 671 940 etiam
706 897 863 952 Agnati
892 928 908 961 ,⁸
935 898 1019 953 Qui
1051 898 1078 941 fi
1111 900 1207 942 ado·
1313 901 1528 945 Pubertate
1560 913 1697 946 autern
1728 903 1870 957 finita,
1905 919 1989 947 nun
2003 917 2141 948 autem
2174 915 2296 957 ante,

161 969 327 1014 ptentur
358 987 371 1009 ‚
402 967 471 998 aut
495 955 840 1010 emancipentur,
872 955 1066 999 dicuntur
1094 955 1207 1001 exire
1228 980 1231 997 ι
1252 958 1363 1002 ratio
1387 960 1756 1003 administrationis
1787 960 1969 1017 exigitur
2001 963 2222 1005 aTutore.
2245 963 2296 1002 In

160 1016 210 1060 de
239 1012 482 1069 Agnatione
514 1025 680 1067 paterna
695 1041 713 1067 -,
744 1011 786 1054 &
819 1011 860 1054 in
897 1028 1049 1057 novam
1076 1015 1210 1058 Fami·
1256 1031 1335 1071 qua
1363 1017 1566 1060 reddenda
1597 1018 1734 1059 Tutor
1769 1021 1921 1071 praestat
1954 1019 2116 1074 Pupillo
2131 1031 2219 1062 tum
2232 1019 2299 1060 da·

163 1073 266 1116 liam
296 1071 496 1123 transire,
530 1070 696 1126 ideoque
730 1069 940 1124 patiuntur
966 1070 1116 1127 >capitis
1147 1073 1209 1114 di-
1254 1086 1404 1116 mnum
1421 1074 1589 1125 datum,
1623 1073 2299 1131 turn‘lucrumnegligenteromis-

162 1128 445 1173 minutionem
479 1127 728 1180 minimam,
761 1126 838 1170 five
872 1128 1094 1172 minimam
1118 1145 1207 1174 mu·
1261 1130 1372 1173 sum.
1407 1132 1555 1187 Neque
1582 1131 1729 1183 Pater,
1763 1132 1832 1187 qui
1866 1132 1952 1175 filio
1980 1146 2164 1176 tutorem
2185 1133 2300 1175 testa-

158 1187 366 1230 tationem
416 1185 573 1237 statu33
616 1200 711 1228 curri
758 1197 912 1227 retenta
940 1185 1135 1230 libertate
1165 1203 1213 1232 ac
1260 1201 1403 1230 mento
1445 1188 1590 1240 dedit,
1624 1187 1750 1243 potest
1785 1190 1893 1231 hanc
1925 1190 2131 1234 rationum
2170 1189 2300 1233 reddi-

162 1244 351 1289 Civitate
374 1275 388 1298 ,
421 1255 586 1286 tantum
618 1254 815 1287 amittant
847 1243 1098 1287 Familiam»,
1253 1245 1420 1289 <tionem
1452 1245 1691 1289 remittere:
1726 1246 1789 1299 [d]
1821 1246 1917 1302 quia
1948 1247 2105 1302 publice
2137 1247 2302 1290 interest

223 1302 361 1345 Habet
392 1312 528 1344 autem
559 1299 700 1343 *locum
733 1301 871 1342 Tutor
901 1300 1014 1344 datus
1046 1318 1067 1345 a
1096 1301 1212 1359 lege,
1256 1303 1512 1346 manifestari
1547 1303 1668 1346 fidem
1700 1304 1877 1346 alienam
1896 1335 1914 1345 «.

167 1360 330 1416 quando
361 1357 424 1401 vel
459 1356 595 1400 nullus
628 1357 869 1401 testamento
896 1358 1017 1402 datur
1049 1360 1213 1413 Tutor,
1315 1360 1482 1404 Fini-mr
1512 1376 1633 1415 pono
1665 1361 1793 1404 tutela
1827 1361 2067 1416 pubertate,
2097 1376 2191 1405 cum
2226 1361 2305 1405 Pu-

166 1416 234 1459 vel
265 1417 377 1459 datus
407 1415 609 1458 decesseri-t
641 1428 735 1459 ante
762 1428 937 1459 mortem
965 1415 1212 1461 Testatoris.
1234 1458 1238 1466 ‚
1264 1417 1384 1471 pillus
1416 1433 1574 1461 annum
1607 1417 2041 1474 decimumquartum,
2073 1430 2143 1462 aut
2165 1417 2305 1471 Pupil-2

162 1472 242 1517 'Sed
275 1474 300 1516 si
332 1473 446 1516 datus
482 1473 747 1526 testamento,
783 1473 817 1516 se
850 1472 975 1516 tutela
998 1475 1192 1518 excusave
1265 1475 1302 1517 la
1335 1476 1543 1519 decimum
1577 1476 1795 1519 secundum
1827 1475 2075 1520 absolverint
2101 1508 2111 1519 .
2156 1475 2309 1519 Secun-

165 1532 250 1584 rit‚
284 1530 351 1574 vel
383 1529 478 1573 dolo
510 1528 631 1572 fuerit
664 1542 872 1583 remotus,
918 1543 1006 1575 tum
1032 1548 1122 1575 fnon
1158 1533 1211 1576 le·
1263 1534 1313 1576 do
1347 1533 1498 1577 finitur
1528 1532 1711 1589 qualibet
1733 1533 1887 1589 :capitis
1919 1532 2200 1576 diminutione
2234 1533 2310 1575 Pu-

163 1588 342 1644 gitimus
368 1620 381 1642 ,
425 1587 485 1631 sed
534 1587 647 1630 datus
689 1603 711 1631 a
754 1588 1000 1644 Magistratu
1042 1581 1241 1634 tute-lam?
1265 1589 1354 1645 pilli
1379 1623 1399 1643 .,
1431 1591 1561 1634 etiam
1596 1590 1771 1633 minima
1803 1622 1816 1644 ,
1849 1589 2005 1633 scilicet
2038 1605 2133 1634 cum
2167 1588 2305 1644 Pupil-

169 1645 345 1689 subibit„
1265 1648 1326 1691 lus
1358 1648 1599 1706 adrogatur.
1636 1651 1694 1691 At
1727 1647 1753 1690 si
1786 1648 2000 1704 adrogetur
2032 1647 2112 1702 ipse
2142 1648 2311 1699 Tutor,

226 1704 268 1746 Si
314 1718 408 1745 vero
456 1701 553 1746 defit
585 1733 598 1754 ,
639 1714 708 1744 aut
738 1701 900 1746 deficiat
930 1700 1068 1747 Tutor
1098 1705 1215 1749 testa·
1265 1705 1451 1762 legitima
1487 1705 1640 1750 Tutela
1674 1721 1757 1746 non
1792 1706 1895 1760 perit
1920 1736 1940 1758 -,
1985 1717 2148 1759 propter
2182 1703 2311 1747 subla-

167 1760 390 1803 mentatius
407 1791 418 1811 ‚
451 1771 521 1802 aut
555 1759 764 1815 legitimus
786 1792 798 1813 ,
849 1773 946 1804 tunc
977 1761 1117 1805 Tutor
1147 1763 1216 1806 da·
1265 1775 1350 1805 tam
1373 1763 1622 1818 Agnationis
1641 1762 1685 1804 &
1705 1762 1983 1818 Cognationis
2001 1761 2300 1805 differentiam:

162 1818 278 1862 bitur
308 1834 331 1859 a
362 1816 636 1872 Magistratu,
667 1832 717 1860 ex
745 1818 1035 1872 inquisitione,
1067 1820 1215 1875 &pro-
1235 1807 1243 1910 ἱ
1267 1822 1372 1864 unde
1407 1820 1588 1864 maxima
1612 1827 1806 1862 tantum?
1839 1818 1882 1862 &
1915 1818 2048 1862 media
2079 1816 2227 1876 capitis
2251 1817 2313 1861 di·-

165 1875 337 1918 -batione
372 1875 579 1928 personae,
611 1875 678 1930 qui
712 1874 861 1918 dicitur
895 1876 1081 1919 dativus.
1113 1879 1210 1920 Offi-
1266 1876 1501 1922 minutione
1531 1877 1707 1920 Tutoris
1737 1875 2021 1933 extinguitur.

166 1932 283 1975 cium
317 1947 412 1974 vero
443 1930 616 1975 Tutoris
647 1932 701 1974 est
734 1947 866 1988 regere
904 1933 1141 1989 Pupillum,
1173 1935 1216 1977 ὃς

170 1990 275 2032 bona
311 1989 418 2032 illius
453 1989 669 2044 pru-denter
691 1989 998 2044 administrare,
1030 2004 1150 2046 atque
1174 1994 1216 2034 in
1467 1992 1511 2034 T
1543 1993 1563 2036 I
1595 1993 1639 2034 T
1669 1993 1712 2034 U
1744 1992 1780 2034 'L
1811 1992 1856 2032 U
1889 1991 1915 2033 S
2005 1990 2112 2034 VII.

172 2046 320 2101 Pupilli
353 2046 626 2089 contr-astibus
650 2047 909 2102 interponere
929 2048 1213 2092 auStoritatem

172 2103 310 2156 suam,
345 2104 425 2146 sine
457 2119 534 2159 qua
568 2103 774 2146 inutiliter
805 2120 899 2148 cum
921 2106 1098 2160 -Pupillo
1114 2122 1218 2150 con·
1599 2107 1665 2150 De
1696 2105 1986 2150 Curatorilms.

167 2161 348 2203 trahitur
370 2192 384 2215 ,
431 2175 500 2204 aut
532 2161 668 2215 agitur
699 2193 708 2202 .
743 2161 925 2218 Pupillus
951 2162 1070 2206 enim
1103 2180 1217 2207 com-

169 2219 342 2261 modum
376 2218 443 2261 sibi
470 2249 481 2271 ,
515 2217 596 2261 sine
627 2218 871 2263 auum-itate
903 2220 1114 2275 Tutoris,
1149 2238 1217 2276 pa-
1381 2221 1532 2264 Uratio
1563 2221 1616 2264 est
1651 2219 1855 2275 Legitima
1871 2218 2071 2277 potestas,
2105 2231 2311 2275 perquam

166 2289 254 2318 rere
282 2276 435 2330 potest,
468 2290 552 2318 non
583 2289 721 2319 autem
754 2276 882 2320 ullam
914 2278 1214 2332 potestcontra-
1397 2295 1457 2322 res
1501 2278 1838 2322 administrantur
1881 2278 1944 2320 vel
1988 2277 2198 2320 minorum
2234 2289 2301 2328 25·

170 2332 266 2375 here
315 2332 638 2388 obbligationem
665 2349 678 2386 ς
725 2347 795 2377 aut
840 2333 944 2378 ferre
975 2335 1215 2389 damnum,
1263 2338 1382 2380 annis
1409 2370 1422 2392 ,
1455 2336 1518 2379 vel
1563 2352 1738 2390 eorum,
1780 2335 1849 2392 qui
1882 2334 2031 2378 mentis
2063 2333 2166 2376 vitio
2199 2331 2311 2375 labo-

172 2389 262 2433 ideo
295 2405 389 2433 cum
423 2390 630 2446 transigit,
662 2404 731 2434 aut
762 2391 964 2446 remittit,
997 2394 1212 2437 autetiam
1263 2409 1356 2438 rant
1383 2425 1392 2436 .
1439 2395 1550 2437 AEtas
1594 2407 1729 2437 autem
1776 2393 1914 2437 minor
1947 2391 2010 2435 vel
2043 2390 2091 2433 ad
2122 2401 2307 2443 coeptum

172 2462 269 2491 cum
300 2447 383 2490 adit
414 2446 682 2491 hereditatem
715 2449 937 2504 requiritur
967 2450 1211 2505 auctoritas,
1262 2452 1326 2495 vel
1358 2451 1405 2495 ad
1436 2452 1602 2495 finitum
1634 2454 1808 2494 Annum
1842 2448 2101 2506 producitur,
2135 2449 2251 2490 Nam
2275 2445 2310 2489 si

172 2520 224 2548 ne
271 2505 454 2548 adeundo
496 2504 727 2549 inconsulto
765 2506 798 2550 se
829 2508 984 2563 obliget
1008 2509 1082 2552 ·aer=i
1114 2509 1212 2551 alie-
1259 2510 1307 2553 de
1348 2524 1471 2565 poena
1507 2541 1519 2563 ,
1563 2508 1628 2553 vel
1661 2509 1814 2552 damno
1841 2505 2090 2551 declinando
2120 2516 2263 2561 agatur
2289 2535 2303 2556 ,

171 2577 227 2605 no
259 2593 270 2615 ,
315 2561 394 2604 sine
427 2577 502 2618 qua
534 2563 767 2618 interposita
800 2564 1040 2609 auetoritate
1075 2566 1213 2622 Pupil·
1265 2567 1502 2622 expe-{latur
1548 2581 1681 2609 annus
1728 2566 1885 2620 integer
1913 2595 1926 2618 ,
1971 2563 2016 2606 δι
2056 2575 2219 2618 tempus
2259 2561 2308 2605 de

171 2618 257 2671 lus,
289 2619 477 2674 quamvis
507 2619 666 2675 obliget
698 2620 768 2663 sibi
793 2621 951 2675 alium,
984 2634 1122 2667 tamen
1140 2623 1213 2667 alii
1266 2638 1484 2667 momento
1526 2623 1576 2665 ad
1620 2633 1880 2667 momentum
1925 2632 2190 2674 computatur
2211 2650 2223 2671 ,
2262 2618 2307 2662 ὃ(

172 2692 257 2718 non
301 2676 508 2732 obligatur
535 2710 546 2731 ‚
587 2693 718 2732 neque
748 2679 996 2722 convenitur
1017 2712 1029 2732 ‚
1062 2681 1136 2723 nisi
1171 2681 1213 2723 in
1266 2682 1438 2724 ulti-mus
1481 2679 1564 2722 dies
1596 2691 1755 2733 coeptus
1787 2695 1859 2735 pro
1890 2677 2100 2734 completo
2131 2676 2308 2719 minime

174 2744 374 2790 quantum
399 2732 530 2776 fuerit
564 2733 803 2788 locupletior
826 2767 839 2788 ,
872 2750 921 2777 ne
945 2749 1048 2779 *cum
1080 2738 1213 2780 aliena
1265 2738 1434 2780 habetur
1504 2737 1669 2779 Contra
1696 2752 1798 2780 vero
1831 2736 1855 2778 si
1890 2732 2083 2778 tractetur
2113 2735 2159 2777 de
2191 2748 2303 2795 corna

172 2789 320 2842 jactura
357 2790 558 2834 lucretur.
594 2793 805 2846 Debetque
838 2792 1056 2835 auuoritas
1075 2795 1213 2837 Tuto·
1265 2795 1386 2837 modo
1416 2826 1428 2847 ,
1475 2793 1540 2836 vel
1589 2792 1744 2836 honore
1778 2793 1976 2836 minoris:
2013 2807 2106 2834 nam
2144 2790 2309 2833 sufficiet

173 2846 230 2892 ris
259 2847 467 2902 interponi
497 2862 593 2892 cum
627 2848 845 2903 negocium
888 2848 1042 2903 geritur
1074 2883 1088 2904 ,
1134 2852 1212 2895 five
1262 2852 1417 2907 primus
1447 2849 1633 2907 vigesimi
1667 2852 1799 2907 quinti
1832 2850 1932 2893 anni
1964 2850 2070 2892 dies.
2101 2848 2180 2901 [e]

2198 2906 2307 2947 Dari-

210 3009 228 3045 (
244 3012 286 3040 al·
317 3009 418 3040 Amb.
445 3006 559 3038 Maera·
583 3028 592 3044 ‚
618 3007 656 3038 <¹5
685 3009 778 3039 Aviae
807 3011 841 3037 C.
863 3010 1008 3050 *Quando
1037 3012 1125 3042 Mat.
1150 3019 1213 3042 tue.
1312 3024 1317 3048 ιἸ
1338 3016 1385 3048 c)
1406 2985 1450 3043 ⁶L.
1476 3013 1511 3042 in
1536 3011 1722 3051 praeiiorura
1750 3021 1779 3040 2.
1808 2997 1865 3064 ί
1887 3011 1924 3042 de
1948 3008 2042 3059 pred.
2068 3007 2147 3038 min·

172 3051 359 3096 offiafung.
385 3049 467 3095 poff.
505 3050 650 3084 &autin
677 3050 888 3091 Testamenta
915 3056 1005 3086 autb.
1032 3056 1074 3087 ad
1098 3058 1214 3088 hoc.c.
1309 3056 1386 3096 (di
1418 3057 1451 3085 1..
1482 3068 1509 3096 5.
1540 3056 1750 3097 §.Julianus
1773 3052 1813 3097 ff.
1842 3055 1879 3086 :ie
1903 3054 2028 3087 πάππα.
2055 3060 2120 3084 we.

166 3099 231 3130 eod.
1310 3101 1390 3142 (ο)
1415 3103 1453 3133 1..
1475 3098 1515 3144 ff
1541 3111 1662 3134 muner.
1692 3100 1731 3133 Εἴ
1756 3109 1838 3133 aner.

209 3141 289 3183 (b)
325 3142 427 3175 1255.
465 3141 508 3175 aa
531 3142 591 3175 hec
613 3143 648 3173 C.
674 3152 717 3184 qu
743 3142 827 3176 ando
851 3143 944 3176 Mul.
972 3143 1053 3178 Tne.
1078 3142 1132 3189 off
1155 3146 1218 3190 fun
1251 3181 1262 3191 ·
