2451 3470
561 121 1116 175 ORATI

77 194 261 239 moribus
290 211 311 239 a
335 209 485 239 corona
500 196 856 251 comprimantur,
888 195 995 251 quasi
1013 194 1097 251 glo
1121 216 1162 716 x

76 250 223 297 ri'osum
258 252 303 294 sit
335 265 568 308 perpetuare
600 253 743 298 deliria
768 286 780 307 ,
826 255 868 296 &
898 265 1103 308 pertexere

76 324 217 364 operas
247 325 511 355 aranearum.
549 312 637 355 Nec
659 324 875 368 reputant,
909 311 1027 363 longe
1049 324 1101 352 re

75 367 180 410 &ius
212 366 254 410 in
286 367 376 410 aliis
407 368 450 413 δι
479 367 610 411 solidis
629 327 854 413 rationibus
871 367 1104 421 excogitan

76 424 164 477 dis,
195 439 319 479 quam
352 424 394 467 in
428 440 505 468 una
540 425 649 468 futili
680 424 979 481 pertendenda,
1012 439 1107 466 con-

80 482 156 524 teri
190 494 386 547 tempus·
434 483 691 538 minimeque
723 496 784 526 int
790 482 824 524 el
814 481 1000 537 lligunt,
1031 481 1108 523 uti-

79 538 158 581 lius
186 539 260 582 esse
295 540 466 596 ingemo
498 540 709 596 dirigendo
737 572 747 594 ,
782 512 1020 593 veritzirtiqie
1054 537 1109 581 as-

83 596 288 660 sequendae
315 629 327 650 ,
359 597 422 640 vel
458 596 613 651 prorsus
644 597 734 640 ced:
725 614 780 640 re
816 596 1012 640 sententia
1039 627 1051 648 ,
1086 594 1111 637 si

80 668 187 697 veris
219 655 539 710 responsionibus
555 654 815 709 redarguare,
850 654 909 695 vel
929 653 996 694 hol
988 653 1111 705 stem,

79 710 104 753 fi
152 711 271 755 fueris
319 728 366 754 ex
414 727 494 753 uno
541 712 629 753 loco
661 711 877 766 depulsus,
921 709 1111 752 aliorsum

79 769 255 811 aloriri.
291 769 389 811 Noli
398 782 433 810 te
469 784 538 811 vos
570 768 696 823 igitur
728 767 753 809 si
788 769 1000 809 veritatem
1032 766 1116 808 sen-

84 825 307 870 tentiarum
340 824 512 875 amatis,
526 824 706 867 convicti
730 823 878 875 semel,
910 823 1116 879 insurgere

81 883 214 925 denuo
258 881 518 935 impudenter
558 882 601 924 ἃ
642 881 820 936 gratuito
851 881 1021 924 eandem
1055 897 1117 924 in-

81 940 224 982 cudem
262 940 456 983 tundere:
491 937 553 1001 vel
588 939 1000 995 abscediteapraelio‚
1033 937 1119 981 lau-

77 997 170 1039 dem
216 993 390 1039 ferentes
440 995 590 1051 agnitae
635 996 937 1061 complexaeque
969 997 1120 1039 verita-

82 1054 133 1096 tis
162 1070 171 1094 :
208 1053 269 1096 vel
304 1054 477 1096 omnino
505 1053 666 1126 aliquid
698 1070 794 1097 novi
829 1066 984 1096 tentate
1012 1070 1021 1095 τ
1057 1054 1119 1097 in-

82 1111 251 1169 genium
287 1126 369 1153 non
405 1111 670 1166 perplexitate
697 1144 709 1166 ,
743 1111 802 1154 sed
836 1112 1031 1154 varietate
1063 1123 1123 1154 at-

81 1184 159 1224 que
193 1169 388 1211 firmitate
424 1168 629 1212 rationum
663 1168 891 1212 exacuatis.

141 1228 304 1281 Duplex
342 1226 394 1268 est
429 1240 562 1272 autern
599 1228 641 1269 in
674 1241 916 1281 unaquaque
950 1224 1118 1268 scientia

83 1283 309 1338 disputandi
347 1283 450 1325 ratio
477 1300 484 1322 ε
523 1284 694 1326 alteram
726 1282 973 1327 discriminis
995 1283 1123 1326 caussa

83 1342 406 1387 dissertationem
440 1341 714 1394 appellamus:
748 1341 918 1384 alteram
952 1339 1122 1384 alterca-

81 1402 246 1444 tionem
279 1430 287 1440 .
332 1398 444 1439 Prior
489 1398 619 1440 utitur
649 1399 836 1443 oratione
871 1398 1127 1456 perpetua&

84 1457 198 1511 fusa,
233 1454 434 1512 proposita
466 1456 682 1509 quaestione
715 1457 756 1498 in
791 1469 1011 1512 utramque
1037 1471 1126 1512 par-

85 1528 201 1568 tem,
233 1511 472 1556 Carneadeo
503 1513 547 1555 ὃς
579 1512 829 1558 Academico
856 1513 1017 1558 dicendi
1039 1530 1127 1557 mo-

86 1588 152 1616 re.
186 1572 324 1626 Atque
359 1569 442 1612 haec
477 1570 629 1626 scriptis
661 1571 768 1614 mihi
803 1570 1020 1615 videtur&
1041 1586 1126 1615 me-

86 1631 210 1674 ditate
254 1627 461 1671 traf’tanda
494 1659 506 1681 ,
549 1643 630 1684 quo
674 1628 828 1672 discant
871 1629 1036 1681 juvenes
1082 1628 1130 1672 ad

87 1686 273 1750 praelium
308 1700 442 1740 parare
477 1683 510 1729 se
543 1685 718 1743 datoque
742 1686 874 1742 spatio
895 1686 1130 1741 cogitandi,

91 1759 176 1788 non
228 1742 414 1786 invenire
443 1774 454 1795 ,
486 1743 607 1786 modo
642 1743 701 1787 sed
733 1744 859 1787 etiam
895 1743 1054 1799 seligere
1069 1760 1130 1787 ra-

89 1804 251 1866 tione83
283 1816 329 1843 ac
361 1815 445 1842 non
466 1799 595 1844 solum
615 1801 798 1857 cogitare
815 1801 1038 1858 sapienter,
1071 1801 1132 1849 sed

89 1859 216 1923 etiam
249 1872 450 1914 exponere
487 1858 616 1901 sensus
652 1859 737 1902 suos
769 1859 1009 1916 eleganter·
1000 1893 1012 1914 ‚
1055 1859 1130 1903 ita-

93 1932 169 1974 que
201 1916 372 1971 ingenio
401 1914 443 1958 St
476 1914 628 1967 judicio
660 1919 958 1961 maturescant.

156 1972 299 2017 Altera
331 1987 428 2016 vero
453 2003 465 2025 ‚
492 1988 589 2037 quae
617 1973 827 2019 altercatio
859 1976 1036 2030 dicitur,
1071 1974 1133 2019 in-

99 2042 286 2086 terrupto
316 2029 359 2073 &
392 2030 502 2073 brevi
531 2062 543 2083 ,
575 2030 813 2089 alternoque
846 2034 1030 2078 sermone
1045 2049 1134 2088 per-

99 2089 264 2133 ducitur
293 2118 301 2128 .
336 2088 386 2128 In
419 2087 497 2131 hoc
528 2087 818 2145 disputationis
850 2106 998 2146 genere
1024 2124 1036 2145 ‚
1069 2090 1136 2134 ubi

96 2161 226 2199 voce3
260 2159 342 2186 non
380 2143 480 2201 scrip
488 2145 567 2199 tis,
600 2161 649 2190 ex
682 2159 893 2204 tempore3
927 2165 1008 2192 non
1025 2164 1138 2192 corn-

99 2204 228 2260 posito
261 2201 411 2250 dicitur
443 2233 455 2255 ,
458 2162 700 2252 paffiiescent
731 2206 1000 2271 adolescentes
1032 2205 1135 2271 invi-

101 2277 191 2306 cem
238 2260 273 2302 se
317 2259 542 2314 improviso
583 2261 714 2309 adorti
745 2263 892 2311 habere
925 2263 1140 2320 ingenium

101 2320 145 2363 in
190 2328 355 2373 promtu
385 2348 397 2369 ‚
443 2329 564 2373 atque
608 2319 650 2362 in
700 2320 972 2364 tumultuario
1006 2321 1142 2378 praelio

1153 195 1282 237 lant.

1199 112 1673 171 ON ES.
2133 131 2206 182 99

1317 191 1369 235 In
1413 200 1583 246 utraque
1628 185 1791 249 illarum
1840 187 2017 232 exerceri
2063 187 2199 243 piacet

1156 248 1452 300 adolescentes,
1472 244 1698 292 dummodo
1731 243 1837 298 prius
1869 245 1918 287 ad
1949 245 2108 299 theses,
2129 264 2198 300 po.

1158 308 1292 352 sterius
1338 305 1387 348 ad
1432 301 1674 360 hypotheses
1704 301 1992 348 adducantur·
2039 316 2083 346 ιε
2115 307 2197 346 im-

1159 362 1315 408 becillae
1352 360 1484 404 adhuc
1528 373 1689 403 mentes
1728 358 2025 419 quaestionibus
2068 360 2148 403 illis
2179 376 2203 403 a

1162 423 1274 464 rebus
1314 418 1497 468 addustis
1536 418 1727 464 notiones
1749 415 1961 473 colligant
1990 417 2192 482 simplices

1158 479 1198 522 ἃ
1231 476 1461 532 expeditas:
1494 474 1564 519 ubi
1597 490 1695 518 vero
1724 474 1924 538 firmiores
1948 487 2055 519 etate
2075 476 2193 531 inge-

1163 536 1311 590 nioque
1342 533 1523 587 fuerint,
1554 544 1771 592 praeceptas
1787 532 1870 598 jam
1891 533 2079 577 notiones
2100 548 2199 578 cum

1163 593 1278 636 rebus
1308 590 1566 654 personisque
1581 590 1779 634 misceant
1792 603 1911 647 atque
1932 602 2203 647 componant·

1163 648 1324 707 perinde
1349 660 1468 703 atque
1495 663 1537 691 in
1564 647 1661 691 ludo
1684 647 1863 692 literario
1895 665 2001 704 prius
2019 649 2206 696 elemen-

1163 722 1203 750 ta
1235 705 1389 760 singula
1410 736 1424 758 ,
1465 705 1597 761 postea
1629 704 1796 750 illorum
1829 706 2001 751 didicere
2035 722 2199 750 nexus.

1219 763 1295 806 Sed
1336 761 1454 805 video
1486 777 1558 804 vos
1589 779 1754 814 juvenes
1787 763 1922 808 tacitis
1953 781 1975 808 a
2006 780 2072 809 me
2091 765 2208 820 cogi-

1164 819 1390 883 tationibps
1425 831 1558 874 petere
1584 853 1596 874 ,
1628 835 1673 864 ut
1705 821 1814 865 locos
1845 822 2026 878 aperiam
2054 855 2068 877 ,
2098 822 2206 865 unde

1166 877 1306 922 utilius
1347 877 1393 922 in
1435 893 1521 929 Jure
1565 891 1804 934 argumenta
1836 880 2073 924 ducuntur:
2107 895 2208 924 cum

1165 935 1471 998 dialefficorum
1505 935 1584 979 loci
1611 968 1622 990 ,
1665 953 1764 993 quos
1796 953 2039 986 communes
2069 936 2207 993 appel.

1170 994 1282 1047 lant,
1297 991 1473 1035 omnino
1503 993 1735 1037 sintinanes
1761 1011 1805 1038 ac
1822 995 1998 1050 steriles,
2030 995 2101 1038 nisi
2091 1011 2207 1039 ima-

1168 1053 1277 1095 teriae
1309 1049 1610 1094 traRandarum
1648 1052 1909 1099 scientiarum
1943 1052 2202 1109 expleantur:

1167 1125 1255 1165 quae
1288 1108 1314 1150 si
1347 1108 1567 1173 habeatur,
1603 1109 1685 1164 ipsa
1719 1125 1785 1163 per
1803 1110 1837 1152 se
1857 1123 2102 1175 argumenta
2119 1110 2208 1165 sug—

1168 1179 1280 1223 geret
1301 1197 1312 1217 ,
1344 1166 1532 1221 quamvis
1566 1166 1644 1209 loci
1677 1166 2204 1232 diale&icorum1gnoren-

1171 1237 1255 1268 tur.
1290 1224 1404 1266 Hinc
1439 1239 1522 1265 non
1554 1223 1607 1266 est
1642 1224 1752 1266 vocis
1782 1225 1850 1267 diu
1873 1225 2168 1269 laborandum
2161 1239 2210 1268 in

1171 1280 1410 1336 vestigandis
1444 1279 1542 1324 locis
1574 1293 1913 1336 argumentorum
1947 1282 1990 1325 in
2023 1282 2108 1333 jure
2137 1314 2149 1335 ,
2184 1281 2212 1324 fi

1171 1354 1230 1391 jus
1262 1339 1382 1393 probe
1414 1337 1636 1384 didiceritis
1678 1351 1801 1394 atque
1830 1339 2084 1385 abstrusiores
2129 1338 2213 1389 ejus

1173 1394 1336 1440 recessus
1387 1395 1717 1450 penetraveritis.
1754 1396 1954 1439 Patebunt
1998 1397 2111 1440 enim
2146 1397 2213 1439 in-

1173 1454 1220 1497 de
1245 1485 1257 1507 ,
1300 1464 1420 1507 atque
1463 1452 1641 1507 ipsaemet
1671 1468 1887 1497 occurrent
1918 1454 2047 1498 oculis
2081 1454 2216 1518 vestris

1175 1510 1385 1554 dubitandi
1417 1509 1717 1567 definiendique
1750 1511 1961 1562 rationes,
1992 1511 2136 1568 quibus
2172 1512 2214 1554 in

1177 1582 1390 1624 utramque
1435 1580 1592 1623 partem
1635 1568 1861 1623 disputetur
1889 1601 1898 1611 .
1932 1570 2217 1624 Quamobrem

1179 1642 1262 1671 non
1314 1638 1399 1668 tam
1450 1625 1548 1669 locis
1592 1638 1938 1690 ’argumentorum
1988 1626 2180 1670 indicatis
2211 1658 2224 1679 ,

1178 1699 1302 1740 quam
1335 1682 1492 1726 ratione
1523 1682 1622 1735 juris
1653 1683 1877 1727 addiscendi
1913 1685 2017 1727 reue
2051 1684 2227 1727 demon-

1180 1743 1299 1785 strata
1340 1755 1440 1796 opus
1471 1740 1662 1785 habetis.
1709 1741 1829 1794 Quod
1863 1757 1957 1785 curn
1991 1740 2087 1784 alibi
2125 1757 2228 1796 prae-

1180 1797 1401 1845 stiterimus
1428 1829 1440 1852 ,
1483 1798 1672 1856 idemque
1714 1798 1826 1842 brevi
1872 1799 1978 1852 typis
2013 1798 2224 1855 vulgaturi

1182 1857 1330 1910 fimus3
1360 1855 1474 1912 piget
1506 1856 1573 1900 hic
1606 1856 1778 1903 eandem
1811 1856 2066 1904 cantilenam
2101 1872 2227 1900 cane-

1183 1930 1223 1960 re
1247 1947 1259 1968 ,
1293 1914 1504 1969 potiusque
1536 1915 1583 1959 de
1618 1914 1718 1958 locis
1750 1926 2090 1979 argumentorum
2125 1914 2224 1958 affe-

1182 1987 1317 2016 remus
1349 1970 1514 2015 utiliora
1543 2004 1553 2014 .
1603 1973 1659 2015 Et
1692 1988 1890 2028 quoniam
1924 1988 1993 2028 per
2025 1971 2230 2027 Jurispru-

1181 2031 1363 2075 dentiam
1398 2028 1531 2093 nescio
1564 2045 1652 2085 quae
1683 2029 2119 2085 vaganturenunciata
2136 2027 2234 2072 nul-

1184 2087 1262 2131 lius
1293 2086 1470 2150 omnino
1502 2086 1618 2141 usus,
1652 2102 1701 2129 ne
1734 2087 1867 2129 dicam
1902 2087 2031 2130 sensus
2057 2118 2068 2139 ,
2099 2102 2229 2151 egra-

1186 2145 1299 2188 tuitis
1333 2143 1602 2200 interpretum
1634 2144 1945 2197 assertionibus,
1980 2159 2062 2187 non
2093 2159 2142 2187 ex
2171 2160 2231 2198 tp-

1188 2203 1233 2246 fis
1266 2199 1445 2257 profee‘m
1479 2201 1669 2257 legibu33
1699 2201 1849 2246 horum
1883 2202 1997 2245 vobis
2031 2200 2191 2243 nullam
2219 2233 2233 2254 ,

1189 2260 1270 2304 five
1304 2259 1348 2302 in
1380 2260 1625 2314 opponendo
1647 2291 1658 2312 ‚
1693 2258 1771 2303 sive
1805 2261 1846 2302 in
1869 2258 2142 2314 resiondendo
2169 2274 2233 2300 ra-

1187 2317 1351 2361 tionem
1383 2316 1606 2360 ducendam
1642 2317 1784 2382 censeo
1813 2334 1821 2359 :
1869 2333 1918 2361 ne
1953 2316 2068 2371 super
2096 2328 2156 2359 oti
2147 2315 2234 2359 osis

101 2376 291 2431 expedire
340 2373 491 2430 aliquid
526 2376 658 2420 statim
694 2378 992 2435 consiliumque
1024 2379 1067 2422 in
1101 2393 1142 2421 re
1167 2374 1369 2422 aliorum
1403 2373 1653 2418 commentis
1683 2374 1790 2417 rixas
1824 2373 1966 2420 frustra
2001 2373 2159 2423 seratis.

100 2434 231 2477 subita
263 2447 433 2487 capere
468 2433 592 2477 Unde
626 2435 748 2479 modo
781 2437 827 2479 ad
860 2452 1018 2490 unum,
1052 2452 1142 2480 mo-

103 2492 155 2535 do
187 2490 234 2533 ad
267 2489 377 2554 aliud
409 2505 535 2545 genus
561 2491 791 2557 disputandi
812 2493 1139 2538 transferentur:

1250 2430 1422 2488 Igitur,
1475 2432 1499 2474 si
1546 2447 1612 2475 me
1656 2431 1865 2477 audieritis
1891 2465 1903 2486 ,
1947 2432 2091 2488 primae
2123 2429 2238 2473 vobis

1191 2490 1235 2534 &
1266 2489 1507 2535 celebriores
1539 2502 1876 2546 argumentorum
1911 2490 2015 2533 sedes
2048 2488 2136 2553 ipsae
2155 2487 2240 2531 fue-

107 2549 184 2592 hac
215 2547 329 2590 enim
360 2548 668 2593 exercitationis
693 2551 1021 2596 viciffitudinein
1038 2565 1144 2595 utra·
1193 2548 1277 2590 rint
1311 2546 1417 2603 leges
1446 2579 1458 2601 ,
1506 2547 1570 2591 vel
1613 2563 1709 2590 cum
1756 2547 1956 2604 proposita
2002 2547 2201 2602 opinione
2225 2575 2239 2596 ,

106 2621 186 2663 que
234 2603 428 2648 facultate
472 2621 582 2661 pares
613 2608 853 2663 evaserint,

107 2678 200 2707 rum
234 2661 397 2704 tarditas
419 2665 976 2723 exercitationeimprovisa,
1008 2666 1146 2711 celeri-

884 2610 928 2653 &
958 2609 1147 2665 ingenio·
1196 2603 1260 2649 vel
1314 2605 1446 2648 secum
1499 2617 1760 2661 pugnantes·

1796 2619 1841 2649 ut
1864 2605 2046 2669 ..legibus
2068 2605 2174 2646 inter
2208 2602 2243 2645 se

1197 2663 1419 2706 commissis
1450 2693 1467 2716 ,
1511 2663 1748 2727 collatisque
1793 2662 2002 2718 utrimque
2038 2660 2242 2717 interpre-

107 2733 169 2764 tas
218 2734 315 2762 vero
358 2719 588 2765 inconsulta
634 2723 838 2768 diuturnae
869 2700 1152 2769 meditationis
1197 2720 1422 2764 rationibus
1450 2751 1464 2774 ,
1512 2721 1730 2765 certiorem
1782 2720 1953 2764 reddatis
1983 2734 2123 2763 earum
2159 2718 2243 2760 sen-

108 2778 178 2822 usu
221 2777 543 2831 temperabitur.

170 2836 297 2879 Porio
344 2835 580 2890 quaestiones
624 2838 687 2881 vel
723 2839 895 2885 infinitae·
922 2840 1014 2884 sunt
1047 2872 1058 2893 ,
1090 2851 1149 2883 at-

108 2908 186 2951 que
230 2909 252 2934 a
295 2906 413 2935 certis
446 2894 570 2937 causis
600 2895 800 2943 abstrafi'tae
831 2928 843 2950 ,
885 2897 950 2941 vel
984 2898 1154 2951 finitae,

112 2950 483 3006 circumsciptaeque
530 2952 643 2994 rebus
670 2983 681 3005 ‚
709 2954 943 3010 personis,
973 2956 1017 2999 &
1049 2967 1153 2999 tem-

112 3008 316 3064 poribus.
363 3008 460 3050 Illas
503 3008 703 3053 dialeffici
746 3010 872 3054 theses
907 3043 919 3063 ,
963 3012 1034 3056 has
1078 3012 1153 3066 hy-

113 3064 295 3122 potheses
339 3078 527 3108 vocant:
562 3079 659 3122 quas
691 3066 970 3118 Jurisconsulti
1003 3069 1152 3112 cultio-

115 3137 177 3168 res
206 3122 301 3167 faeti
335 3123 507 3179 species,
540 3124 720 3170 rudiores
752 3140 846 3170 vero
879 3125 986 3170 casus
1013 3124 1155 3183 appel-

1175 3025 1227 3244 l

1200 2778 1375 2822 tentiam
1407 2808 1416 2819 .
1468 2779 1654 2833 Quarum
1699 2778 1837 2843 legurn
1885 2778 1930 2821 in
1966 2776 2136 2832 speciem
2167 2773 2243 2816 dis-

1203 2835 1471 2880 sentientium
1517 2836 1691 2893 segetem
1736 2836 1850 2880 vobis
1893 2852 1914 2879 e
1962 2834 2039 2878 suis
2069 2833 2246 2887 disputa-

1202 2894 1381 2937 tionibus
1434 2894 1684 2937 uberrimam
1736 2893 1953 2961 protulerit
2007 2893 2049 2934 in
2101 2890 2245 2945 primis

1203 2952 1389 3016 Ubertus
1432 2951 1627 2995 Gifanius
1677 2951 1840 3008 aliiqui
1864 2967 1941 2994 viri
1986 2947 2200 2992 doetiffimi
2229 2978 2241 3000 ,

1202 3009 1272 3065 qui
1318 3009 1399 3052 hoc
1446 3009 1779 3065 Jurisprudentiae
1820 3008 1991 3051 studium
2038 3015 2247 3048 navarunt

1204 3066 1366 3122 egregie
1397 3096 1406 3107 .
1456 3067 1523 3109 Ac
1573 3067 1599 3109 si
1644 3066 1782 3123 legum
1830 3063 2096 3120 repugnantia
2131 3059 2245 3102 nulla

1207 3135 1427 3177 occurrat,
1456 3136 1698 3179 argumenta
1731 3136 1843 3169 cont
1834 3139 1874 3164 a
1906 3120 2129 3177 oppositam
2165 3118 2251 3160 sen-

1800 3181 1844 3221 N
1907 3193 1928 3220 2
2166 3187 2253 3218 ten
