2451 3470
155 147 259 200 108
672 143 716 215 J.
774 143 890 195 -V.
1008 144 1056 196 G
1138 142 1189 194 R

145 236 236 264 mos
264 219 307 261 &
339 231 468 273 corpo
484 232 527 260 ra
571 216 751 260 tribuere
781 216 1041 260 barbarorum
1068 232 1079 269 ς
1111 217 1201 272 qui-

149 279 220 320 bus
252 274 360 319 bello
394 275 522 331 perdo
540 274 684 327 mitis,
718 274 1012 318 communione
1045 276 1199 317 Roma-

151 335 194 377 ni
227 332 324 385 juris
358 347 448 375 non
487 330 737 374 servitutem
768 330 999 374 inhumano
1019 331 1061 375 &
1082 332 1201 374 bruto

154 392 369 441 Persarum
405 388 754 443 Assyriorumque
784 403 898 431 more
918 420 931 441 ,
965 388 1025 431 sed
1046 389 1201 432 re6‘tum

158 448 385 493 afferebatis
423 447 542 489 usum
575 443 772 487 libertatis
805 475 817 497 ‚
849 460 973 500 quam
1007 445 1114 500 leges
1135 461 1195 488 ve·

161 507 249 551 strae
279 504 560 549 distributione
594 501 767 544 rationis
788 533 799 552 ,
833 501 876 543 &
907 502 1203 546 exercitatione

163 564 324 618 justitiae
355 578 377 604 a
412 557 610 602 violentia
653 558 697 600 δε
749 573 770 599 a
803 557 1001 602 vitiorum
1034 560 1205 603 nexibus

168 620 461 677 expediebant.
494 617 588 669 Quo
618 614 833 677 nomine,
867 615 1075 670 Quirites,
1107 617 1204 668 justa

172 678 281 723 bella
314 676 466 730 semper
496 672 539 713 ἃ
573 671 637 726 pia
668 672 830 734 gessistis
855 704 868 726 ‚
900 673 1126 729 justumque
1161 674 1205 717 in

173 736 317 779 orbem
359 744 557 774 terrarum
603 728 826 781 imperium
875 731 989 773 vobis
1021 731 1204 785 parastis.

175 793 247 845 Jus
285 789 400 834 enim
443 798 597 828 naturae
641 784 769 840 ipsum
795 816 807 838 ‚
850 802 932 841 quo
967 787 1206 832 immanitas

174 848 326 894 rationi
372 842 577 894 subjicitur
603 872 616 894 ,
676 841 827 897 subegit
872 842 1027 898 legibus
1070 845 1207 888 vestris

175 908 360 950 barbaras
392 913 530 957 gentes
556 931 568 947 ,
619 914 689 953 per
721 914 791 942 vos
822 899 870 943 ad
903 901 1206 947 humanitatem

173 981 197 1007 a
229 963 391 1005 feritate
424 956 646 999 traduffls.
1180 1010 1183 1013 Α

234 1021 344 1069 Has,
379 1015 568 1066 obsecro,
602 1011 733 1067 leges,
767 1012 980 1069 Quirites,
1009 1031 1112 1060 eone
1127 1028 1206 1060 tra-

174 1075 323 1120 didistis
356 1072 473 1125 aliis,
506 1083 560 1133 ut·
584 1085 654 1112 vos
684 1070 961 1127 amitteretis,
991 1089 1043 1116 an
1077 1075 1208 1130 potius

181 1147 226 1177 ut
260 1134 301 1175 in
337 1129 418 1174 illis
459 1127 636 1184 gloriam
681 1139 875 1180 perpetuo
916 1131 1208 1176 conservaretis

177 1190 349 1234 vestram
377 1219 390 1240 ,
433 1186 479 1229 &
518 1183 622 1239 apud
662 1199 808 1226 omnes
851 1186 1020 1241 populos
1051 1189 1209 1234 Latinae

177 1245 364 1291 locaretis
387 1243 652 1286 fundamenta
672 1241 860 1284 virtutis?
892 1258 1000 1298 quo,
1034 1247 1207 1291 ubicun-

181 1319 342 1358 cunque
375 1301 459 1353 jura
491 1298 615 1361 vestra
637 1298 925 1353 consisterent,
958 1301 1040 1355 ibi,
1071 1316 1209 1358 erepta

181 1359 374 1418 quamvis
416 1356 760 1418 dominationeQ
787 1371 942 1418 nomen
983 1370 1123 1404 tamen
1165 1361 1209 1404 ὃ(

179 1416 394 1474 prudentia
427 1425 641 1469 regnaret,
673 1428 718 1455 ac
749 1413 897 1463 justitia
919 1417 1209 1473 nunquamin-

179 1475 360 1519 teritura’
375 1475 688 1516 Romanorum.
721 1471 848 1524 Quae‚
880 1471 1062 1518 dissoluta
1093 1475 1208 1519 mili·

181 1532 263 1576 tari
297 1529 510 1584 disciplina
533 1559 545 1581 ‚
576 1542 647 1582 per
672 1543 801 1589 ‘quam
835 1539 1033 1574 terrarum
1066 1534 1207 1576 orbem

179 1590 250 1633 diu
280 1585 534 1638 coercuistis,
565 1599 709 1646 omnia
740 1598 880 1628 tamen
901 1586 1208 1644 vivuntadhuc‚

178 1647 402 1701 viventque
437 1643 588 1697 semper
620 1657 664 1683 in
698 1641 857 1685 Latinis
889 1643 1066 1689 historiis
1091 1647 1207 1691 &le-

178 1705 293 1760 gibus
315 1735 326 1756 ‚
357 1702 404 1744 ad
435 1715 610 1756 quarum
641 1712 881 1744 contextum
914 1701 940 1744 fi
972 1717 1128 1747 mentes
1148 1721 1205 1749 re-

180 1761 315 1804 feretis
341 1791 352 1812 ‚
395 1758 437 1801 δί
479 1772 618 1799 earum
655 1756 896 1801 sententiam
930 1791 941 1811 ,
986 1776 1109 1816 quam
1143 1761 1207 1807 vel

182 1815 417 1874 ignorantia
445 1846 456 1867 ‚
488 1813 550 1857 vel
584 1814 758 1867 versutia
787 1814 952 1858 forenfis
983 1817 1208 1874 interpola-

180 1878 242 1918 vit
275 1907 286 1927 ,
331 1870 519 1928 repetetis
560 1885 581 1932 e
616 1870 769 1925 scriptis
799 1872 888 1927 ipsis
920 1875 1207 1931 conditorum,

178 1931 223 1975 ἃ
257 1931 460 1973 mentibus
492 1943 720 1981 majorum,
753 1930 858 1972 unde
893 1930 1207 1987 descenderunt,

180 1988 348 2032 occursu
381 1999 500 2040 atque
533 1985 819 2028 consuetudine
864 1986 1062 2032 similium
1094 1990 1208 2046 inge-

181 2047 348 2091 niorum
383 2043 597 2098 priscarum
621 2041 819 2085 virtutum
843 2042 994 2087 semina
1007 2048 1206 2091 continuo

179 2102 317 2145 vestris
348 2101 390 2142 in
423 2097 649 2154 pe&oribus
692 2099 947 2142 reflorescent
972 2132 983 2154 ‚
1026 2102 1205 2147 alentur-

182 2174 258 2214 que
292 2156 490 2200 memoria
525 2155 686 2199 laudum
717 2155 936 2213 legumque
959 2159 1203 2204 vestrarum:

179 2231 204 2258 a
236 2230 404 2270 quarum
438 2213 628 2255 diuturna
661 2211 833 2256 leffione
865 2214 1067 2260 rationem
1097 2218 1204 2262 acci-

179 2272 299 2326 pietis
323 2302 336 2323 ,
378 2286 456 2326 qua
488 2269 597 2312 casus
626 2283 770 2311 omnes
800 2271 945 2325 regatis
977 2272 1210 2328 humanos,

180 2331 458 2382 vertentelque
482 2342 551 2369 vos
571 2325 613 2367 in
638 2339 823 2370 veterum
845 2326 1022 2372 formam
1043 2331 1205 2374 animo-

181 2401 273 2427 rum
290 2416 301 2436 ,
315 2383 553 2426 revocabitis
569 2385 780 2426 Romanos
795 2399 952 2436 moreS,
973 2386 1205 2443 discetisque

179 2442 232 2483 ab
264 2440 345 2484 illis
378 2440 773 2490 lenitudinemcum
794 2440 1001 2486 severitate
1024 2444 1205 2496 miscere,

178 2500 464 2550 summumque
496 2495 555 2546 jus
585 2496 772 2552 aequitate
794 2508 1018 2555 temperare
1038 2532 1050 2552 ,
1071 2502 1210 2555 provi·-

175 2557 267 2598 dere
311 2569 358 2596 ac
402 2552 609 2606 praecidere
643 2553 861 2608 captiones
889 2586 901 2608 ‚
945 2557 1207 2612 tamdemque

177 2609 398 2654 assuescetis
429 2608 609 2662 cogitare
649 2623 770 2665 atque
811 2611 1000 2656 invenire
1033 2614 1204 2658 similia.

177 2669 420 2721 Eodemque
443 2665 565 2708 studio
590 2667 784 2719 patebunt
814 2668 941 2710 etiam
974 2670 1086 2713 vobis
1100 2670 1205 2727 apri-

180 2726 216 2767 ci
245 2724 478 2777 amoenique
500 2722 663 2764 recessus
688 2737 771 2766 non
791 2725 948 2767 Latinae
966 2727 1115 2781 modo,
1147 2727 1208 2771 sed

178 2782 336 2824 Graecae
357 2780 483 2822 etiam
510 2778 775 2833 eruditionis,
808 2795 896 2835 quae
916 2782 1058 2826 nostris
1078 2784 1131 2827 est
1146 2785 1208 2827 in-

179 2836 370 2892 terspersa
397 2835 550 2890 legibus
575 2836 752 2879 eGraeca
781 2836 970 2890 sapientia
999 2841 1103 2883 natis
1125 2873 1136 2893 ‚
1166 2841 1209 2883 ὅ(

181 2896 417 2937 Graecarum
449 2890 754 2946 disciplinarum
777 2892 904 2937 sruSffl
922 2897 1209 2951 perjuriscon-

183 2951 305 2994 sultos
336 2962 490 2991 veteres
520 2949 733 2991 enutritis.

242 3009 305 3049 Ut
339 3021 423 3048 non
457 3004 640 3057 mirum,
673 3005 700 3048 fi
733 3019 944 3051 contemta
977 3009 1019 3053 in
1041 3009 1208 3053 foroco-

185 3064 370 3121 gnitione
403 3062 657 3117 antiquitatis
691 3093 703 3115 ,
736 3062 872 3117 legum
903 3082 1062 3122 quoque
1093 3067 1209 3111 usum

184 3120 467 3174 amiserimus,
498 3134 717 3176 earumque
749 3119 889 3167 locum
913 3122 1106 3178 subjerint
1119 3125 1205 3182 opi-

1270 143 1853 199 AVINAE

1252 216 1395 260 niones
1426 216 1669 261 inconsultae
1700 230 1819 275 atque
1849 235 1978 264 avarae
2012 220 2288 278 pragmatico-

1254 289 1373 334 rum,
1407 274 1483 318 five
1518 276 1659 328 potius
1685 275 1957 322 tabellionum
1987 292 2114 336 atque
2146 278 2292 321 scriba-

1251 345 1346 374 rum
1364 362 1375 383 ,
1408 347 1580 387 quarum
1615 332 1843 376 turbinibus
1872 334 1971 378 adeo
1990 337 2189 380 Romanae
2205 334 2295 378 san-

1251 387 1406 431 &io‘nes
1436 389 1665 433 obruuntur
1685 420 1697 442 ‚
1728 402 1774 431 ut
1808 390 1960 434 sublata
1990 391 2089 442 juris
2111 392 2290 448 potesta-

1251 457 1289 487 te
1324 446 1473 500 ubique
1507 446 1771 490 dominentur
1796 447 1963 490 arbitria
1981 479 1992 501 ‚
2024 465 2099 494 nec
2117 450 2199 502 jam
2217 451 2292 492 ho-

1253 501 1390 544 mines
1418 501 1572 558 legibus
1600 535 1612 555 ,
1665 504 1724 545 sed
1774 502 1880 558 leges
1916 505 2152 550 hominibus
2181 506 2296 549 obse-

1253 572 1457 613 quantur,
1492 574 1620 613 neque
1649 561 1696 602 ad
1724 559 1833 601 aliud
1855 560 2042 614 superesse
2064 564 2294 617 videantur,

1254 615 1327 657 nisi
1360 615 1407 657 ad
1444 616 1598 659 tristem
1632 616 1982 661 reminiscentiam
2015 620 2193 676 antiquae
2207 636 2296 663 tna·

1255 670 1403 722 jestatis
1421 703 1430 713 .
1463 673 1579 715 Adeo
1607 686 1651 716 ut
1675 674 1722 716 de
1745 674 1886 715 nostris
1908 675 2160 730 temporibus
2177 675 2296 721 Plau-

1256 741 1346 772 tum
1381 728 1654 774 vaticinatum
1685 730 1920 774 existimem
1946 763 1959 785 ,
1991 748 2088 776 cum
2118 733 2201 776 ait:

1282 843 1420 886 Mores
1435 844 1703 899 perduxerunt
1728 844 1829 900 leges
1856 845 1898 887 in
1911 843 2141 901 potestatem
2146 845 2264 900 suam
2278 877 2287 889 .

1314 958 1375 999 At
1406 973 1510 1010 vos,
1542 956 1612 1013 qui
1645 950 1838 1000 Romina
1870 957 2172 1014 jumim’pune,
2203 958 2294 1004 imo

1254 1013 1298 1056 &
1330 1013 1495 1069 ingenti
1542 1014 1670 1057 vestro
1716 1031 1811 1058 curn
1868 1015 1980 1058 lucro
2012 1032 2059 1058 ac
2090 1016 2294 1072 dignitate

1255 1070 1552 1123 conturbastis,
1585 1072 1769 1113 contenti
1803 1071 1946 1114 saltem
1979 1071 2145 1115 fuissetis
2168 1074 2293 1117 vestra

1256 1126 1421 1170 fallendi
1455 1126 1657 1171 felicitate
1688 1159 1700 1180 ,
1746 1143 1876 1184 neque
1915 1128 2115 1171 librorum
2146 1130 2293 1173 vestro-

1261 1200 1351 1227 rum
1385 1183 1659 1239 pestilentiam
1690 1185 1776 1240 post
1808 1197 1985 1241 mortem
2020 1186 2191 1229 vestram
2217 1203 2296 1230 no-

1258 1241 1317 1284 bis
1359 1240 1612 1296 reliquissetis
1645 1273 1657 1295 ‚
1712 1243 1754 1284 in
1799 1241 1981 1286 fraudem
2027 1242 2298 1293 conjicientes

1259 1298 1531 1352 posteritatem
1556 1331 1568 1351 ,
1601 1298 1809 1352 depulsam
1845 1314 1913 1352 per
1948 1315 2016 1342 vos
2051 1315 2134 1342 non
2168 1301 2291 1344 modo

1257 1372 1279 1397 a
1312 1356 1454 1408 primis
1487 1356 1764 1399 conditoribus
1795 1355 1922 1409 juris3
1959 1357 2017 1399 sed
2048 1357 2098 1398 ab
2131 1359 2293 1400 Accur-

1258 1412 1374 1455 sianis
1405 1415 1530 1456 etiarn
1558 1444 1569 1465 ‚
1617 1413 1661 1455 δε
1692 1412 1912 1454 Bartolinis
1943 1411 2110 1469 aliisque
2143 1414 2292 1457 melio-

1257 1472 1308 1512 ris
1341 1484 1446 1512 notae
1479 1470 1765 1524 interpretibus
1791 1502 1804 1521 ,
1838 1482 2034 1526 tanquam
2070 1471 2119 1513 ab
2149 1470 2288 1514 austo-

1257 1527 1365 1570 ribus
1407 1526 1560 1570 nullius
1593 1528 1714 1585 usus.
1764 1528 1857 1569 Vah
1893 1527 2081 1570 homines
2112 1527 2294 1571 emortui

1257 1584 1452 1639 pudoris!
1498 1585 1657 1640 Ecquid
1700 1584 1908 1627 erubuistis
1940 1584 2191 1639 imperitiam
2224 1600 2293 1628 ve-

1258 1642 1376 1685 stram
1419 1641 1633 1685 defendere
1674 1642 1865 1685 mentitia
1897 1642 2033 1697 legum
2065 1642 2290 1685 desuetudi-

1257 1715 1307 1743 ne
1334 1731 1347 1752 ‚
1389 1715 1434 1742 ac
1480 1699 1694 1742 subducere
1735 1698 1825 1742 aliis
1852 1731 1864 1751 ,
1909 1715 1996 1754 quae
2029 1714 2098 1741 vos
2131 1711 2295 1754 propter

1257 1756 1484 1800 barbariem
1514 1757 1558 1799 ὃ(
1589 1756 1800 1812 ignaviam
1834 1756 2005 1799 vestram
2030 1788 2040 1807 ,
2072 1756 2115 1799 &
2147 1757 2288 1811 praeci-

1256 1829 1333 1869 pue
1378 1825 1541 1868 propter
1585 1813 1863 1868 ignorantiam
1905 1814 2042 1856 Latini
2090 1812 2287 1855 sermonis

1254 1871 1430 1913 omnino
1460 1870 1722 1925 desperastis?
1754 1872 1871 1913 Itane
1904 1873 2036 1913 vero?
2072 1869 2287 1925 Quoniam

1255 1928 1395 1971 orbern
1429 1930 1629 1970 Romanae
1653 1926 1809 1978 justitiae
1851 1926 1899 1969 ad
1931 1927 2115 1969 universa
2145 1939 2293 1981 paten-

1255 1996 1340 2028 tem
1365 2016 1378 2036 ‚
1419 1985 1460 2027 &
1495 1986 1697 2027 humanos
1726 1996 1895 2027 eventus
1926 1999 2070 2026 omnes
2104 1984 2289 2039 casusque

1257 2041 1431 2096 singulos
1463 2042 1597 2084 civilis
1633 2041 1724 2083 vitae
1750 2072 1762 2093 ,
1798 2041 1860 2085 vel
1893 2041 2098 2094 expresse,
2133 2040 2195 2083 vel
2228 2053 2291 2082 ta-

1256 2097 1337 2141 cite
1363 2098 1808 2154 comprehendentem,
1839 2113 1912 2153 pro
1944 2099 2066 2140 modo
2088 2096 2291 2153 ingenioli

1257 2155 1369 2198 vestri
1403 2157 1450 2198 ad
1484 2171 1626 2210 paucas
1656 2155 1913 2205 contraxistis
1955 2155 2286 2209 quotidianarum

1254 2212 1544 2267 quaestionum:
1580 2213 1669 2256 ideo
1700 2228 1772 2255 nos
1805 2208 1978 2267 reliquas
1995 2210 2288 2254 controversias

1255 2269 1441 2313 infinitas
1474 2270 1587 2314 vobis
1633 2271 1796 2325 ignotas
1838 2285 1922 2312 non
1966 2284 2014 2312 ex
2048 2268 2187 2322 legum
2220 2284 2292 2310 co-

1253 2327 1408 2371 dicibus
1428 2359 1440 2379 ,
1475 2343 1603 2383 neque
1636 2328 1795 2370 ratione
1828 2325 1912 2368 ulla
1944 2325 2059 2367 duna
2089 2341 2110 2368 e
2143 2324 2288 2367 radici-

1255 2383 1326 2426 bus
1357 2383 1479 2436 juris;
1513 2384 1572 2427 sed
1598 2400 1649 2427 ex
1679 2383 1919 2427 aus’toritate
1941 2414 1953 2435 ‚
1988 2381 2063 2424 sive
2093 2397 2142 2424 ex
2177 2396 2294 2424 erro-

1256 2441 1363 2483 ribus
1393 2440 1533 2484 vestris
1562 2442 1840 2485 definiemus?
1888 2453 2162 2493 cogemurque
2196 2439 2289 2481 uni-

1255 2497 1355 2540 versi
1385 2497 1556 2553 desipere
1588 2510 1751 2553 propter
1781 2495 2059 2549 desipientiam
2088 2495 2288 2548 vestram,

1254 2555 1323 2609 qui
1358 2555 1490 2597 labem
1533 2554 1639 2596 hanc
1671 2553 1716 2595 in
1748 2552 2113 2607 Jurisprudentiam
2147 2552 2294 2594 effudi-

1255 2612 1345 2662 stis,
1376 2612 1526 2667 quique
1560 2610 1807 2660 majestatem
1839 2625 1885 2651 ac
1919 2610 2190 2651 reverentiam
2226 2607 2283 2650 le-

1255 2683 1354 2723 gum
1395 2666 1646 2710 transtulistis
1688 2666 1736 2708 ad
1768 2666 1925 2708 somnia
1958 2666 2210 2720 privatorum
2242 2665 2285 2707 &

1254 2725 1303 2766 ad
1336 2739 1397 2767 res
1426 2723 1623 2774 judicatas
1644 2727 1669 2764 Ρ
1709 2734 1751 2765 ut
1778 2725 1970 2766 Romana
2014 2733 2287 2765 monumenta

1257 2781 1350 2823 boni
1383 2781 1427 2823 δι
1457 2781 1559 2836 aequi
1603 2779 1739 2823 aversa
1783 2780 1994 2825 videa-:nus
2024 2780 2073 2822 ab
2105 2794 2186 2821 uno
2219 2785 2291 2820 aut'

1255 2837 1383 2880 altero
1412 2837 1578 2880 indofio
1608 2838 1651 2879 &
1684 2838 1937 2880 mercenario
1967 2850 2161 2891 emtoque
2194 2835 2288 2878 scr-iss

1257 2907 1406 2950 ptore,
1448 2895 1511 2938 cui
1555 2894 1838 2938 auRoritatem
1893 2894 2199 2949 peperit'error
2242 2892 2287 2934 in

1259 2950 1437 3005 plurium
1474 2951 1630 3007 scriptis
1658 2950 2030 2995 aut.fraudulenter
2052 2981 2065 3002 ,
2110 2962 2181 2992 aut
2203 2949 2290 2992 im-

1258 3008 1383 3064 perite
1415 3008 1747 3061 multiplicatus.

1314 3066 1437 3110 Hanc
1479 3064 1641 3127 obsecro
1693 3065 1895 3108 librorum
1945 3063 2146 3106 insaniam
2181 3093 2192 3114 ‚
2246 3061 2289 3105 δῖ

1259 3122 1398 3179 legum
1436 3123 1657 3170 vestratum
1705 3122 1989 3166 calamitatem
2032 3133 2149 3176 atque
2188 3134 2294 3160 con-

2160 3189 2296 3219 tum&-
