2451 3470
178 142 364 195 garivam
399 139 617 201 tribuunt,
649 162 777 204 quam
810 148 987 201 habebat
1016 167 1219 202 anteno-

180 199 393 242 varronem
421 231 430 243 .
461 202 545 254 (c)
960 224 1001 267 J&
1223 210 1228 215 ⁴

157 261 161 265 ’
238 256 310 298 Est
341 258 479 302 autem
513 261 682 304 novatio
712 262 858 318 duplex
897 280 910 318 3
960 264 1221 327 voluntaria,

187 327 276 368 quae
307 314 354 357 fit
388 331 456 370 per
487 317 790 373 stipulationem
818 353 830 374 ,
864 337 941 376 qua
974 327 1083 380 prius
1111 329 1220 373 debi-

181 381 272 413 tum
305 375 560 418 convertitur
593 376 634 418 in
669 378 888 422 verborum
903 382 1229 441 obligationem;[

184 426 229 470 δι
261 431 476 474 necessaria
502 463 514 485 ,
547 448 633 488 quae
665 435 709 476 fit
742 449 811 489 per
844 436 929 480 litis
960 444 1216 495 contestatio—

179 499 308 543 nem,
340 504 419 544 qua
451 503 535 533 non
567 491 826 545 extinguitur
859 507 971 538 vetus
1003 499 1224 556 obligatio,

181 542 256 588 sed'
293 545 481 589 munitur
525 561 635 590 nova
677 547 845 600 judicati
890 553 1089 598 afflone}
1139 574 1216 614 qua

183 599 296 657 prior
328 602 526 658 obligatio
567 617 751 661 tempore
795 609 973 663 pei-itura
1014 613 1139 673 etiam
1171 615 1216 660 in

171 656 199 701 h
217 659 352 702 eredes
385 673 646 715 perpetuatur
671 693 680 702 .
712 666 799 716 (a)

237 716 302 759 Fit
331 722 498 761 novatio
527 718 590 762 vel
617 735 709 763 cum
739 736 843 765 nova
865 725 1214 777 personainterve2

173 772 344 828 niente,
376 775 438 817 vel
473 791 567 819 cum
596 776 679 831 ipso
710 779 946 824 creditore.
982 785 1083 839 Quae
1108 801 1214 829 nova

170 830 341 885 persona
368 831 680 877 interveniente
705 835 776 888 fit,
804 850 874 879 aut
903 837 1109 897 delegatio
1133 844 1212 898 est,

173 899 245 930 aut
265 890 556 945 expromissio.
591 890 812 949 Delegatio
830 894 1004 950 dicitur,
1035 914 1130 943 cum
1147 901 1208 945 de-

174 945 282 988 bitor
313 947 542 991 debitorem
572 948 685 992 suum
701 952 937 1006 Creditori,
965 971 1042 1010 pro
1057 957 1214 1015 summa

172 1002 309 1046 debita
342 1034 354 1054 ,
397 1005 554 1061 delegat
579 1038 591 1061 ‚
638 1008 703 1050 vel
741 1009 871 1053 alium
913 1028 984 1066 pro
1037 1014 1071 1057 se
1097 1031 1211 1059 reum

169 1060 264 1114 dat,
294 1061 362 1117 qui
391 1063 824 1117 lii-pulantiCr'editori
856 1071 1098 1124 promittat.
1129 1074 1213 1126 (b)

174 1116 298 1161 Unde
332 1118 358 1161 fi
386 1120 509 1170 Caius
545 1137 658 1165 meus
699 1123 856 1168 debitor
882 1157 893 1179 ,
928 1143 993 1170 rne
1022 1127 1214 1186 jubente,

168 1175 408 1230 promiserit
440 1177 562 1221 Titio
592 1180 797 1224 Creditori
826 1198 918 1226 meo
945 1215 956 1236 ,
998 1185 1041 1228 &
1072 1187 1212 1232 Titius

173 1233 375 1288 acceperit
395 1235 703 1290 promissionem
723 1270 733 1289 ‚
768 1253 942 1283 novatur
956 1245 1213 1300 contraRus3

176 1305 254 1333 nec
289 1305 364 1346 ego
389 1324 401 1344 ,
446 1291 506 1335 sed
538 1293 680 1337 Titius
712 1297 872 1352 exigere
906 1300 1028 1351 potest
1054 1316 1077 1343 a
1107 1302 1212 1354 Caio

169 1363 265 1392 meo
278 1348 485 1402 debitore3
507 1365 580 1394 nec
601 1351 740 1395 Titius
757 1369 820 1397 me
836 1386 848 1407 ,
872 1355 930 1399 sed
947 1356 1096 1407 Caium
1113 1375 1210 1403 eon·

177 1404 320 1449 venire
353 1407 479 1461 potest
505 1438 515 1450 .
559 1410 640 1461 (c)
672 1411 847 1466 Oportet
880 1414 1006 1468 igitur
1035 1447 1047 1469 ‚
1092 1429 1136 1460 ut
1165 1433 1205 1460 o-

177 1462 348 1506 mnium
407 1464 588 1508 nostrum
649 1467 861 1511 consensus
914 1471 1162 1516 interveniat
1196 1506 1208 1528 ,

176 1534 328 1571 nempe
363 1520 445 1564 mei
478 1521 702 1578 delegantis
723 1556 736 1578 ,
766 1526 861 1569 Caii
894 1528 1207 1585 promittentis,

171 1576 217 1621 &
248 1575 358 1620 Titii
391 1579 661 1634 accipientis.

226 1634 288 1676 At
322 1633 493 1688 simplex
527 1639 644 1682 ceffio
672 1639 844 1683 aetionis
860 1641 1205 1699 Creditorisasia,

170 1689 254 1734 fine
279 1692 473 1741 consensu
498 1694 713 1748 debitoris,
741 1698 810 1752 qui
840 1699 1021 1752 ceditur,
1048 1717 1133 1745 non
1155 1702 1205 1745 li-

174 1748 289 1791 berat
325 1748 538 1796 cedentem
574 1769 597 1795 a
625 1752 759 1807 priori·
782 1754 985 1810 obligatio.
1007 1772 1058 1802 ne
1085 1791 1097 1811 ‚
1132 1774 1206 1804 nec

707 73 1794 143 INS³T1²TUT10NES

1271 158 1330 201 sed
1363 160 1504 204 eadem
1538 161 1706 215 persona
1748 164 2125 219 debitoris-inimus
2150 201 2162 223 ,
2215 180 2306 216 tum

1270 229 1450 260 veterem
1479 217 1780 275 obligationem
1815 224 2122 281 extinguimus,
2153 227 2304 272 &eam

1269 273 1311 316 in
1346 289 1503 319 novum
1535 278 1753 321 verborum
1796 282 2052 326 contrabium
2086 283 2304 329 transferi-

1269 346 1385 386 mus,
1411 332 1604 389 siquidem
1635 335 1861 390 stipulando
1877 338 1940 381 illi
1961 338 2114 395 aliquid
2136 341 2300 393 adjicia-

1268 403 1384 441 mus,
1417 389 1480 432 vel
1496 390 1757 436 detrahamus
1775 409 1788 447 ε,
1807 407 1851 437 ut
1865 394 1890 438 si
1911 395 2016 451 quod
2036 409 2122 440 erat
2136 413 2298 452 purum,

1268 448 1588 496 convertaturin
1606 449 1886 495 conditionale
1904 484 1915 504 ‚
1943 451 2008 495 vel
2025 465 2168 496 contra
2181 470 2201 506 5
2233 456 2297 499 vel

1252 502 1293 545 ›si
1323 503 1433 547 diem
1459 505 1679 559 addamus,
1712 508 1936 551 dummodo
1957 510 2134 552 novandi
2151 511 2299 555 volun-

1264 572 1394 603 tatem
1427 561 1701 615 significemus
1726 595 1736 606 .
1782 565 1933 608 Noluit
1964 565 2076 608 enim
2109 567 2300 618 justinia-

1267 631 1341 660 nus
1374 619 1643 662 novationem
1676 636 1725 664 ex
1759 621 2000 673 conjefi‘turis
2020 622 2235 667 inducere.

1325 674 1519 719 Tandem
1553 677 1720 721 dissensu
1753 678 2137 732 contrahentium,
2169 695 2209 723 re
2237 680 2299 724 in-

1265 742 1375 786 tegra
1395 763 1408 785 ‚
1452 733 1684 777 contradus
1715 734 1984 779 dissolvuntur
2008 766 2021 789 ,
2062 736 2106 779 ἃ
2130 735 2296 794 obliga-

1264 799 1396 831 tlones
1432 805 1715 845 perimuntur.

1319 846 1423 888 Sunt
1456 859 1645 903 praeterea
1678 848 1787 891 modi
1818 848 1888 893 alii
1922 848 2295 905 extinguendarum

1262 901 1565 958 obligationum
1585 936 1596 958 ,
1628 905 1750 948 variis
1785 904 1882 949 locis
1913 906 2156 949 diffeminati
2181 938 2193 959 ,
2227 923 2295 970 per

1262 958 1386 1002 libros
1401 961 1537 1015 Juris,
1569 962 1699 1010 veluti
1721 962 1929 1016 confusio,
1962 977 2055 1006 cum
2077 978 2135 1006 res
2153 963 2289 1024 debita

1261 1015 1427 1060 confusa
1459 1017 1608 1072 fuerit,
1639 1033 1686 1062 ut
1707 1034 1790 1062 non
1807 1020 2075 1062 discernatur:
2107 1020 2288 1082 ⁸(g)1tern

1259 1073 1414 1117 oblatio
1447 1076 1501 1118 rei
1533 1075 1708 1129 debitae,
1739 1088 1859 1131 atque
1892 1076 2144 1138 consignatlo
2164 1108 2175 1117 .
2206 1078 2293 1140 (h)

1261 1132 1540 1186 compensatio
1567 1165 1579 1185 ,
1612 1133 1828 1175 concursus
1861 1133 2039 1187 plurium
2075 1132 2291 1176 lucrativa·

1262 1203 1350 1230 rum
1382 1188 1620 1242 causarum3
1652 1189 1854 1233 extinflio
1876 1190 1932 1232 rei
1953 1189 2094 1232 debitae
2109 1189 2187 1233 fine
2203 1189 2290 1253 cul·

1261 1260 1308 1299 pa
1356 1245 1398 1286 &
1432 1261 1547 1288 mora
1587 1247 1778 1290 debitoris
1815 1274 1828 1296 ς
1870 1245 2022 1300 aliique
2064 1245 2289 1310 legentibus

1258 1302 1398 1356 passim
1431 1316 1689 1346 occurrentes
1717 1336 1726 1346 .
1777 1305 1842 1346 Ex
1873 1303 2188 1365 quibustamen
2223 1303 2289 1347 hic

1261 1360 1603 1412 praetermittenda
1637 1376 1722 1403 non
1764 1361 1818 1403 est
1852 1359 2066 1402 transas’tio
2091 1390 2103 1412 ,
2148 1371 2289 1425 utpote

1258 1415 1466 1458 usitatior:
1501 1433 1570 1473 per
1600 1433 1722 1473 quarn
1755 1418 1805 1460 de
1837 1416 2289 1482 ‘ebU⁵.d.¹²b³,³⁸„&‚¹¹t¹-

1257 1471 1373 1526 giosis
1397 1472 1669 1529 disputantes,
1702 1486 1815 1517 metu
1840 1472 1964 1516 futuri
1991 1473 2155 1527 yudlcn,
2182 1486 2290 1538 mter

1258 1529 1291 1572 se
1319 1529 1600 1584 paciscuntur,
1634 1543 1678 1574 ut
1712 1531 1892 1574 invicem
1925 1531 2017 1572 dare
2038 1529 2289 1574 facereobli-

1214 1620 1215 1623 ,
1255 1599 1431 1641 gentur‚
1462 1589 1613 1644 aliquid
1636 1588 1683 1631 de
1706 1586 1789 1639 jure
1806 1587 1873 1630 suo
1888 1586 2172 1639 remittente33
2198 1603 2292 1642 pro·
2320 1597 2324 1600 ’

1256 1655 1344 1697 pter
1373 1660 1496 1700 quam
1532 1658 1719 1688 mutuam
1751 1643 2081 1706 obligationem,
2109 1659 2160 1688 ex
2176 1650 2322 1700 parte‘v

1256 1700 1567 1750 tranfizentium
1589 1734 1601 1755 ‚
1635 1701 1808 1745 nascitur
1839 1701 1976 1745 civilis
2007 1700 2140 1744 afflo-

1311 1757 1385 1800 Sed
1418 1774 1503 1802 non
1534 1759 1582 1801 de
1611 1759 1805 1802 omnibus
1849 1757 2135 1801 controverfiis
2161 1757 2287 1803 libere

174 1804 320 1848 cedens
339 1805 543 1852 astionem
570 1809 781 1865 pristinam
808 1813 991 1867 amittit,
1019 1815 1089 1858 nisi
1109 1817 1205 1860 Ces..
1255 1810 1469 1871 transigere
1487 1815 1585 1860 licet
1601 1846 1610 1858 .
1640 1816 1744 1859 Sunt
1772 1814 1886 1857 enim
1902 1813 2083 1870 quaedam
2102 1844 2114 1866 ,
2138 1814 2184 1858 de
2200 1816 2292 1870 qui-

169 1861 365 1906 sionarius
392 1863 510 1908 litem
529 1882 622 1909 cum
643 1868 828 1912 debitore
855 1867 924 1912 fib1
949 1870 1050 1914 cesso
1063 1885 1201 1916 conte·
1256 1871 1326 1914 bus
1359 1872 1876 1929 transigerffisprohibemur
1909 1870 1990 1914 fine
2012 1882 2123 1914 certo
2139 1872 2287 1926 modo,

172 1918 296 1961 stetur
322 1950 336 1973 ,

379 1935 450 1965 aut
480 1921 631 1979 aliquid
657 1940 706 1967 ex
739 1925 876 1969 debito
898 1928 1071 1982 accipiat
1096 1961 1108 1981 ‚
1142 1930 1206 1973 vel
1226 1934 1232 1979 ξ
1254 1928 1449 1985 certisque
1468 1930 1819 1973 observationibus
1835 1959 1844 1971 .
1870 1927 1998 1971 Tales
2016 1928 2104 1970 sunt
2119 1940 2287 1972 contro-

175 1975 351 2020 debitori
385 1978 486 2021 ceffo
517 1980 829 2025 denunciaverit
860 1998 910 2026 ne
937 1984 1085 2028 solvat.
1117 1989 1230 2040 (d)j

1257 1982 1388 2029 vefflae
1412 1987 1750 2040 testamentariae,
1774 1985 1851 2028 sive
1879 2000 1928 2028 ex
1945 1985 2284 2029 testamentorum

236 2034 514 2089 Expromisfio
529 2038 582 2079 est
597 2069 608 2090 ,
637 2054 731 2081 cum
758 2040 846 2094 quis
870 2040 1049 2085 alienam
1069 2044 1204 2098 sponte
1223 2045 1229 2093 l
1254 2043 1598 2099 interpretatione
1628 2044 1898 2099 prodeuntes:
1920 2042 1966 2085 de
1981 2042 2126 2105 quibus
2143 2042 2287 2086 tranfi-

180 2089 478 2145 obligationem
509 2093 701 2149 suscipit,
724 2096 765 2138 δε
794 2112 863 2150 pro
884 2098 964 2141 alio
978 2099 1203 2145 soluturum
1224 2096 1229 2139 l
1250 2115 1341 2153 gere
1358 2100 1579 2154 nonlicet,
1609 2100 1682 2142 nisi
1710 2097 1909 2155 perpensis
1924 2098 2179 2154 cognitisque
2195 2115 2287 2142 ver-

177 2146 212 2189 se
231 2147 394 2201 spondet
452 2152 589 2206 Atque
615 2167 664 2195 ex
689 2152 942 2206 delegatione
964 2156 1069 2200 aRio
1094 2160 1207 2214 prior

176 2204 436 2258 extinguitur
452 2239 463 2260 ,
495 2208 685 2264 priorque
710 2209 869 2254 debitor
891 2212 1108 2268 liberatur,
1130 2232 1199 2260 no-

174 2275 303 2315 vaque
327 2263 434 2306 affio
465 2277 607 2307 contra
645 2266 876 2325 delegatum
903 2271 1110 2315 Creditori
1137 2273 1214 2316 ad-'

175 2318 377 2371 quiritur:
413 2321 517 2376 quod
551 2323 705 2377 praestat
735 2324 777 2366 ἃ
800 2329 1091 2382 expromissio,
1125 2330 1202 2374 five

176 2374 395 2429 ignorante
412 2409 424 2429 ,
458 2377 534 2421 sive
559 2379 724 2424 nolente
755 2381 933 2426 debitore
950 2417 962 2438 ‚
988 2385 1118 2442 siquis
1130 2388 1200 2430 ob-

173 2431 316 2474 tulerit
343 2433 565 2478 soluturum
582 2438 788 2482 Creditcri
815 2455 965 2484 novam
992 2458 1082 2486 eam
1096 2445 1199 2487 obli-

169 2487 386 2544 gationem
420 2491 637 2547 accipienti
669 2527 677 2537 .
710 2496 768 2546 (e)
800 2497 855 2539 Et
888 2498 981 2542 licet
1003 2500 1201 2555 obligatio

171 2546 365 2600 posterior
395 2547 441 2590 sit
474 2550 627 2594 nuliius
659 2552 845 2604 effeeius,
879 2569 971 2610 puta
993 2561 1098 2613 quod
1113 2560 1201 2614 quis

168 2614 216 2644 ¹ea
253 2634 265 2656 ‚
293 2619 380 2659 quae
411 2606 552 2650 Titius
586 2608 653 2651 sibi
687 2610 853 2653 debebat
878 2643 890 2664 ‚
940 2614 1149 2668 stipuletur
1178 2635 1200 2661 a

128 2670 130 2674 ’
171 2658 337 2714 Pupillo
365 2693 376 2713 ‚
431 2663 511 2708 sine
542 2665 716 2708 Tutoris
746 2667 985 2715 aufioritate
1016 2704 1028 2725 ,
1062 2685 1198 2718 tamen

171 2716 286 2771 prior
317 2718 532 2772 perimitur
557 2753 566 2763 .
599 2721 680 2774 (f)

225 2774 287 2816 At
318 2774 347 2817 si
370 2790 522 2820 novam
543 2780 867 2826 conventionem
890 2798 972 2855 ηοξ]
990 2800 1084 2829 curn
1101 2787 1197 2843 alio,

587 2922 772 2932 ---—-—--.

1090 2931 1196 2941 ..—

188 2948 226 2994 ςζ
239 2960 258 2979 a
273 2950 291 2986 )
319 2953 354 2981 L.
388 2962 485 2984 mores
498 2956 552 2983 ⁴26.
568 2953 607 2997 ff
625 2958 663 2986 de
693 2955 809 2990 amon.
826 2959 864 2990 “5
881 2960 978 3003 0:353.
995 2966 1016 2996 Ι.
1033 2964 1137 2998 alium
1153 2977 1192 3006 29

160 2990 198 3033 fl.
217 2991 255 3023 :le
269 3004 382 3027 novae.
429 2996 479 3036 (b
496 2998 511 3023 Ἴ
538 2999 572 3027 L.
600 3009 624 3030 1.
644 3002 715 3032 eod.
738 3003 777 3034 de
791 3015 903 3037 not-at.

208 3038 221 3074 s
236 3046 252 3067 c
270 3038 285 3076 ]
311 3040 346 3070 L.
363 3042 393 3069 6.
411 3042 444 3071 C}
466 3042 503 3073 de
517 3054 627 3076 ravat.
646 3045 684 3076 <5
698 3044 834 3089 del-egat.

205 3081 223 3118 (
238 3081 282 3118 d)
309 3083 342 3111 L.
370 3094 395 3121 3,
415 3087 451 3115 Cr
464 3086 503 3118 :ie
517 3099 627 3122 novat.
643 3088 682 3120 &¹
694 3091 831 3134 dategat.

207 3126 227 3165 (
241 3125 288 3166 e)
313 3129 349 3159 1..
367 3127 395 3162 8.
412 3129 516 3173 infin.
527 3130 568 3175 ff.
597 3135 635 3167 de
647 3145 759 3171 novat.

1252 2728 1360 2830 O
1384 2727 1599 2783 Bligantur
1642 2725 1832 2769 homines
1880 2723 2014 2780 poenis
2044 2738 2093 2768 ex
2127 2723 2238 2768 furto
2269 2756 2284 2780 ,

1252 2156 1310 2198 bis
1325 2158 1552 2200 testamenti
1571 2157 1648 2200 sive
1663 2157 1826 2212 scripti,
1839 2155 1918 2198 five
1933 2156 2215 2218 nuncupativi.
2230 2156 2286 2221 (ζ)

1309 2215 1415 2258 Item
1452 2216 1633 2258 vetitum·
1672 2215 1726 2258 est
1760 2212 1974 2267 transigere
1997 2213 2053 2255 ‘de
2072 2211 2283 2257 alimentis

1250 2269 1393 2314 futuris
1413 2271 1561 2314 ultima
1575 2270 1790 2314 voluntate
1814 2269 1966 2314 relitstis
1981 2301 1994 2320 ,
2017 2268 2090 2312 nisi
2109 2270 2283 2313 auftori-

1251 2339 1310 2370 tas
1338 2329 1602 2385 Magistratus
1629 2326 1904 2372 interveniat:
1938 2326 2003 2378 (k)
2031 2340 2080 2368 ne
2095 2325 2284 2370 homines

1255 2386 1423 2439 praesens
1449 2386 1607 2430 lucrum
1626 2385 1772 2428 futuris
1807 2383 2284 2445 &mayor1buseommo-

1251 2442 1380 2486 modis
1405 2455 1699 2499 anteponentes
1714 2473 1727 2497 ,
1751 2441 1798 2485 ad
1821 2440 2006 2495 inoptam
2020 2438 2280 2494 redigantur.

1461 2553 1905 2600 TITULUS
1962 2553 2068 2596 XII.

1268 2644 1336 2688 De
1366 2642 1698 2700 obligationibus,
1729 2656 1810 2696 quae
1833 2655 1878 2682 ex
1902 2637 2038 2681 delielo
2060 2637 2287 2693 nascuntur.

1418 2785 1526 2840 quod
1591 2784 1633 2828 in
1699 2798 1785 2827 rem
1853 2781 2056 2825 mobilem
2117 2781 2227 2825 cadit
2269 2813 2283 2835 ,

2188 2853 2284 2882 curn

1402 2964 1439 2993 L·
1465 2963 1590 2993 servus
1618 2969 1663 2997 19·
1680 2957 1713 3000 ff
1730 2959 1767 2989 de
1779 2954 1920 2998 fidcyuffi

1417 3009 1453 3038 L.
1482 3009 1562 3045 730!
1602 3007 1724 3048 penult.
1741 3001 1776 3045 ff
1793 3001 1829 3034 de
1851 3003 1940 3042 solut
1963 3002 1986 3035 1.
2001 3006 2030 3041 7.
2046 2997 2086 3044 ff
2104 3000 2143 3033 de
2153 2997 2237 3043 μᾶ.

1463 3060 1489 3087 9.
1509 3054 1534 3083 C
1562 3051 1600 3083 de
1623 3052 1722 3090 [blm.

1395 3098 1465 3127 L6-
1481 3094 1517 3137 ff.
1535 3098 1571 3129 ds
1591 3091 1744 3136 transtro?-

1361 3141 1380 3182 )
1407 3145 1443 3174 L.
1461 3133 1492 3174 8}
1502 3139 1542 3186 ff
1557 3139 1596 3175 ό·
1611 3143 1659 3174 ιζ’
1673 3139 1711 3172 de
1725 3134 1879 3178 adasa&
