2451 3470
522 74 887 145 JUR1s
967 71 1893 136 R'EcE-PTtoRm.

139 147 255 200 rint,
285 146 369 201 ipso
399 147 558 190 silentio
589 146 775 189 censetur
804 161 870 190 eos
900 146 1169 189 exhereda-re.

2149 109 2275 163 ›zi-7

1231 156 1367 188 meam
1393 151 1522 186 Anno
1553 159 1566 198 3
1605 150 1686 187 lstae
1723 154 1974 196 adjcssionee
2006 162 2271 215 νοῇἶπῖιιηςυτ,

142 207 204 247 Ita
264 219 357 247 vero
400 203 631 246 exheredati
676 219 747 258 per
787 202 995 259 querelam
1043 202 1160 245 inoffi
1226 202 1269 246 &
1294 199 1408 243 heres
1438 200 1517 243 erit
1553 215 1577 243 a
1608 214 1742 245 morte
1767 203 1990 249 Testatoris
2016 239 2028 260 ,
2067 225 2115 253 ne
2144 211 2170 254 si
2196 228 2267 267 per

142 259 235 303 ciofi
270 260 501 304 testamenti
520 291 532 312 ‚
563 260 609 303 de
642 275 718 314 qua
753 259 922 305 inferius
948 290 960 311 ‚
994 259 1173 303 debitam
1225 274 1271 302 ea
1298 269 1508 312 tempora,
1541 272 1628 322 quae
1651 259 1759 303 inter
1785 259 2007 316 designatos
2033 266 2259 312 diesinter-

141 316 209 360 frui
243 333 291 361 ex
328 317 416 373 lege
451 317 684 373 portionem
727 316 1002 360 obtinebunt.

377 433 421 475 T
452 433 472 475 1
501 431 546 473 T
579 432 621 473 U
654 433 687 474 L
717 429 760 471 U
791 429 819 472 S
875 430 933 473 X.

345 547 412 590 De
442 521 669 590 Heredibus
700 541 975 598 instituendis.

143 656 401 758 INstituere
418 660 474 703 est
489 691 502 714 ‚
525 674 621 703 cum
646 656 736 713 quis
758 654 889 700 alium
911 654 1101 718 subrogat
1125 651 1168 695 in

221 715 358 759 locum
384 716 438 760 sui
465 715 704 760 morientis.
730 715 888 756 Omnes
911 725 1048 775 autern
1078 709 1170 754 illos

141 770 348 817 instituere
380 772 581 828 possumus
596 804 608 825 ‚
638 785 739 826 quos
752 771 847 821 Jure
862 800 875 821 ‚
899 770 976 832 sive
997 784 1041 811 in
1064 779 1166 821 toto,

138 827 216 871 sive
249 829 291 871 in
324 841 434 883 parte
468 830 674 872 instituere
704 842 789 868 non
811 825 1099 889 prohibemur.

195 886 475 939 Quamobrem
511 886 582 941 qui
617 883 723 927 filios
764 883 884 926 habet
919 882 1126 937 legitimos
1153 913 1165 934 ,

135 956 218 983 non
254 940 378 997 potest
411 942 660 986 naturalibus
691 939 948 1000 relinquere,
980 938 1053 1002 nisi
1087 953 1164 981 un—

133 998 239 1040 ciam
265 1030 277 1051 ‚
308 1014 456 1055 nempe
487 998 773 1042 duodecimam
807 996 1039 1040 hereditatis
1073 1010 1156 1050 par-

130 1067 255 1108 tem3
298 1069 338 1098 at
371 1057 397 1099 fi
430 1056 594 1100 Liberos
628 1055 837 1111 legitimos
868 1068 953 1096 non
986 1053 1162 1108 habeat,

129 1113 280 1167 poterit
313 1112 564 1156 naturalibus
597 1112 824 1167 relinquere
854 1122 1057 1166 quantum
1091 1126 1160 1154 ve-

129 1169 204 1223 lit,
231 1171 324 1222 (ai)
354 1171 576 1214 dummodo
597 1202 609 1223 ,
642 1169 667 1213 si
699 1170 843 1212 habeat
875 1168 1161 1226 ascendentes,

127 1228 184 1269 eis
218 1226 426 1282 reliquerit
458 1227 688 1281 legitimam
724 1225 986 1281 portionem.

1224 316 1430 358 fluxerunt
1456 344 1469 368 ‚
1508 329 1600 369 quis
1639 329 1723 360 non
1765 316 1811 359 fit
1857 318 1972 362 heres
1996 323 2020 372 ,Γ
2048 322 2259 371 ἀεῑιιηξὶυς

1226 383 1368 416 contra
1381 372 1488 422 Juris
1505 372 1692 429 regulam
1716 373 1880 418 decedat
1906 374 2114 422 intestatus
2134 411 2143 423 .
2172 384 2255 427 Re-

1223 439 1380 484 pugnat
1393 438 1532 476 autern
1559 445 1681 484 quem
1707 431 1857 487 partim
1871 433 2058 477 testatum
2073 467 2085 490 ,
2101 438 2258 491 partim

1225 484 1462 528 intestatum
1484 485 1696 531 decedere:
1722 502 1896 544 excepto
1920 490 2065 536 Milite
2082 525 2092 535 .
2117 493 2136 547 [
2150 496 2204 550 c]

1281 541 1380 585 Dies
1394 541 1573 587 incertus
1593 560 1665 600 pro
1684 546 1921 590 conditione
1937 547 2107 595 habetur
2121 567 2142 602 ;
2160 553 2261 608 quia<

1222 598 1461 654 ignora-tur,
1484 615 1536 643 an
1559 600 1642 646 dies
1669 601 1715 644 fit
1741 616 1937 648 venturus
1952 636 1964 658 ‚
1992 620 2092 661 puta
2113 609 2254 654 Titius

1219 655 1334 700 heres
1356 655 1464 710 esto,
1489 671 1587 700 cum·
1610 658 1886 705 Consulatum
1912 660 2072 713 inierit.
2108 665 2203 720 [d]

1279 713 1447 756 Persona
1482 712 1575 758 here
1595 716 1789 761 :i-s·debet
1822 718 1899 763 essev
1935 733 2044 764 certa
2068 752 2079 772 ‚
2116 723 2160 766 8<
2182 740 2254 769 ex·

1218 770 1339 824 preffa
1372 768 1516 813 saltem
1537 771 1679 833 aliquo
1704 773 1937 820 indubitato
1967 777 2079 833 signo
2103 811 2115 833 ‚
2161 796 2256 836 pro·

1218 840 1429 890 ptereaque
1448 831 1623 872 conterri
1652 846 1736 874 non
1762 833 1886 887 potest
1911 833 1953 876 in
1974 836 2142 879 alterius
2153 853 2247 894 per·

1217 886 1353 929 {onam
1372 884 1574 929 institutio
1590 918 1602 940 ,
1631 900 1724 942 puta
1738 920 1751 942 ‚
1775 889 1887 934 heres
1910 891 2013 935 mihi
2029 894 2109 937 esto
2122 910 2246 951 quem

1213 939 1352 984 Titius
1388 942 1565 987 voluerit
1595 973 1603 982 .

1272 998 1402 1041 Irritae
1423 1001 1550 1045 etiam
1585 1001 1677 1044 sunt
1704 1000 1977 1049 institutiones
2003 1007 2082 1051 illae
2109 1041 2120 1062 ,
2153 1011 2246 1067 qui·

1213 1054 1284 1098 bus
1312 1055 1479 1101 alterius
1504 1058 1759 1104 voluntatem
1786 1074 1996 1117 captamus
2030 1097 2042 1118 ‚
2079 1082 2247 1124 quaeque
2312 1104 2315 1105 ν

1212 1125 1421 1168 propterea
1446 1117 1680 1170 captatoriae
1703 1118 1961 1172 appellantur
1991 1152 2002 1173 ,
2028 1124 2168 1167 ‘veluti
2195 1140 2246 1168 ex

1210 1184 1289 1224 qua
1317 1183 1426 1225 parte
1461 1188 1527 1217 me
1557 1174 1698 1217 Titius
1731 1176 1918 1219 heredem
1950 1176 2090 1222 fecerit
2115 1211 2128 1234 ,
2169 1181 2247 1236 [e]

1209 1241 1259 1270 ex
1292 1242 1338 1271 ea
1370 1226 1431 1270 illi
1459 1229 1565 1273 mihi
1607 1231 1719 1274 heres
1744 1232 1853 1276 esto.

187 1284 401 1339 A-postatas
442 1300 538 1329 vero
570 1316 583 1337 ‚
636 1284 678 1326 δε
722 1282 946 1327 Haereticos
986 1282 1073 1328 ulla
1101 1284 1158 1329 'in
1265 1285 1467 1330 conditio
1498 1287 1753 1343 im-possibil'is
1780 1306 1851 1344 pro
1886 1306 1971 1335 non
2000 1292 2147 1346 adjesta
2175 1295 2246 1339 ha-

128 1352 240 1394 parte
272 1337 526 1395 permittitur
556 1340 762 1385 instituere
795 1371 804 1382 .
835 1340 933 1392 (b)
1211 1339 1350 1395 betur,
1373 1358 1447 1387 nec
1476 1345 1594 1388 vitiat
1617 1345 1918 1392 institutionem
1935 1365 1956 1401 5
1982 1350 2107 1394 veluti
2125 1352 2238 1396 heres

186 1398 326 1441 Dividi
367 1399 570 1451 hereditas
620 1397 745 1453 potest
783 1396 827 1439 in
872 1411 1153 1455 quotcumque
1206 1398 1286 1442 esto
1320 1399 1347 1442 fi
1387 1401 1516 1456 digito
1540 1403 1715 1446 Coelum
1749 1404 1932 1459 attigeris
1966 1439 1977 1450 .
2016 1408 2129 1450 Inter
2159 1410 2239 1452 irn-

122 1455 212 1509 quis
244 1454 343 1498 velit
377 1456 572 1509 heredes,
604 1453 829 1498 dummodo
859 1456 907 1498 ad
940 1455 1151 1500 infinitum
1206 1456 1408 1510 possibiles
1430 1470 1567 1510 autem
1595 1459 1766 1504 refertur
1795 1463 1980 1506 conditio
2007 1491 2020 1511 ,
2051 1480 2138 1520 quae
2170 1467 2241 1509 bo-

120 1526 341 1555 numerum
372 1527 457 1556 non
490 1526 704 1565 excurrat,
735 1512 780 1556 δι
810 1511 855 1554 in
878 1516 1154 1570 quotcumque
1205 1512 1272 1555 nis
1301 1514 1484 1560 moribus
1521 1530 1719 1573 repugnat
1753 1549 1765 1570 ‚
1824 1520 1952 1563 velut-i
1974 1519 2012 1573 fi
2052 1522 2243 1565 hominem

120 1568 222 1611 velit
255 1581 385 1624 partes
405 1603 418 1624 ‚
449 1584 536 1626 quae
573 1570 762 1624 potestate
793 1569 902 1620 Juris
935 1571 1154 1616 trahuntur
1202 1572 1385 1614 occideris
1416 1589 1429 1627 3
1474 1574 1534 1617 vel
1579 1590 1665 1630 quae
1715 1574 1820 1618 faffio
1852 1570 2017 1632 impleri
2051 1579 2194 1634 nequit
2229 1612 2241 1631 ,

118 1626 165 1669 ad
194 1626 398 1671 duodenas
424 1647 437 1680 3
467 1643 516 1671 ex
550 1628 697 1683 quibus
723 1627 943 1671 conficitur
972 1644 1015 1671 as
1034 1661 1047 1682 ,
1079 1629 1150 1685 qui
1204 1628 1330 1672 veluti
1362 1629 1388 1672 fi
1421 1644 1608 1674 montem
1642 1647 1809 1675 aureum
1834 1634 1936 1676 mihi
1959 1635 2138 1690 dederis3
2169 1637 2232 1680 vel

119 1682 348 1739 appellatur
387 1685 651 1729 hereditarius
686 1716 698 1738 ‚
747 1683 899 1740 quique
946 1684 1054 1729 idem
1096 1687 1163 1739 est‘
1200 1701 1288 1740 quae
1322 1688 1535 1731 verborum
1572 1692 1841 1745 repugi-iantia
1883 1692 2082 1735 evertitur
2109 1725 2122 1744 ‚
2169 1710 2236 1737 ve·

117 1752 238 1795 atque
282 1741 478 1785 hereditas
502 1773 514 1785 .
563 1743 635 1786 Sed
682 1741 936 1797 praesentibus
970 1743 1150 1786 moribus
1202 1743 1275 1786 luti
1313 1742 1351 1798 st
1380 1746 1520 1789 Titius
1551 1747 1655 1789 heres
1684 1749 1759 1789 erit
1786 1779 1798 1800 ‚
1845 1749 1965 1798 Seius
1992 1749 2099 1792 heres
2128 1750 2199 1805 esto
2217 1768 2234 1803 ,-

118 1799 252 1851 potius
298 1815 366 1854 per
395 1811 523 1843 certas
566 1800 711 1853 speeies
741 1814 958 1855 corporum
990 1800 1149 1844 heredi-
1199 1799 1255 1843 (θ’
1275 1800 1313 1853 fi
1343 1803 1462 1855 Sejus
1501 1804 1608 1846 heres
1652 1805 1725 1846 erit
1757 1835 1769 1857 ‚
1815 1807 1956 1848 Titius
1997 1806 2103 1849 here-s
2131 1808 2232 1862 est03

118 1856 312 1899 rariorum
337 1889 348 1908 ‚
378 1873 500 1912 quam
537 1873 603 1912 per
636 1857 813 1912 partium
845 1856 1016 1901 nomina
1032 1857 1145 1902 here·
1196 1857 1323 1900 altera
1354 1862 1467 1902 enim
1501 1860 1646 1903 harum
1678 1860 1851 1905 alteram
1885 1861 2024 1907 tollit.

116 1912 218 1954 ditas
248 1929 269 1955 a
301 1915 511 1957 Testatore
543 1915 792 1958 distribuitur
813 1945 823 1955 .
1253 1915 1294 1958 Si
1339 1915 1475 1971 plures
1514 1917 1773 1961 conditiones
1817 1919 1892 1962 sint
1935 1919 2094 1970 adjef'tae
2126 1936 2225 1965 con-

178 1969 390 2013 Instituere
423 1970 558 2014 autern
595 1972 796 2026 possumus
828 1971 892 2014 vel
914 1986 1036 2026 pure,
1068 1972 1146 2016 hoc
1195 1970 1398 2026 junffim,
1432 1974 1557 2018 veluti
1577 2010 1587 2024 ‚
1614 1974 1652 2028 fi
1685 1975 1750 2018 hoc
1779 1975 1836 2019 (T
1858 1975 2225 2035 illudfhflumfue-

114 2025 167 2069 est
199 2026 279 2069 fine
310 2027 531 2078 adjeffione
557 2028 639 2071 ulla
659 2029 931 2082 conditionis,
963 2044 1034 2072 aut
1049 2029 1144 2083 diei,
1195 2031 1248 2071 rit
1278 2043 1490 2086 utramque
1520 2044 1680 2086 oportet
1712 2033 1885 2088 implere
1914 2049 1925 2085 3
1962 2034 1986 2075 fi
2021 2050 2115 2077 vero
2146 2036 2225 2078 dis-

116 2093 209 2136 puta
241 2085 381 2126 Titius
409 2085 515 2128 heres
545 2084 615 2139 esto
630 2102 646 2126 .·
680 2087 742 2127 vel
777 2086 844 2127 sub
875 2086 1142 2141 conditione,
1194 2084 1364 2136 iunetim
1399 2119 1411 2141 ,
1445 2103 1591 2143 nempe
1622 2119 1634 2141 ‚
1671 2087 1708 2141 fi
1739 2090 1839 2143 hoc)
1870 2101 1940 2132 aut
1967 2090 2102 2145 ‘'ill-ud,
2135 2092 2227 2138 satis

111 2154 234 2194 puta,
270 2141 382 2185 heres
415 2143 521 2196 esto,
555 2143 580 2184 fi
608 2145 739 2187 Navis
769 2158 818 2187 ex
851 2143 945 2186 Afia
977 2145 1137 2187 veniet.
1192 2143 1269 2186 erit
1300 2143 1542 2188 alterutrum
1580 2146 1746 2199 praestari
1766 2178 1776 2188 .

112 2198 213 2251 Quae
246 2198 445 2243 institutio
476 2199 502 2242 fi
537 2201 669 2243 Navis
712 2199 870 2244 venerit
918 2215 966 2243 ex
1002 2200 1097 2246 Asia
1129 2236 1152 2257 ,ἡ
1249 2201 1378 2245 Heres
1409 2201 1635 2246 instituitur
1667 2203 1770 2247 reSte
1805 2202 1835 2246 is
1878 2204 2004 2249 etiarn
2038 2235 2051 2259 ‚
2099 2220 2223 2262 quern

109 2254 288 2298 redditur
321 2272 417 2310 pura
438 2289 450 2308 ‚
490 2256 534 2300 δι
575 2257 690 2301 heres
732 2256 990 2314 intelligitur,
1019 2261 1141 2317 usque
1191 2257 1380 2301 Testatos
1410 2274 1493 2302 non
1527 2259 1627 2302 vidit
1659 2291 1671 2312 ‚
1702 2259 1797 2303 dum
1832 2260 1879 2305 sit
1910 2275 2040 2306 certus
2064 2293 2077 2315 ,
2111 2263 2226 2308 velu..

108 2328 131 2354 a
175 2326 307 2356 morte
351 2314 572 2359 Testatoris
597 2346 608 2367 ‚
651 2328 870 2373 antequam
914 2317 1047 2360 Navis
1088 2335 1137 2363 ex
1191 2315 1220 2357 ti
1255 2315 1405 2359 Fratris
1449 2316 1530 2360 mei
1563 2317 1732 2371 Filius,
1774 2318 1843 2373 qui
1881 2318 2059 2362 Athenis
2092 2319 2222 2365 vivit.

109 2369 203 2412 Alia
235 2370 392 2424 venii-et
418 2403 429 2423 ‚
478 2373 572 2427 quia
604 2374 785 2417 conditio
813 2374 1021 2430 postquam
1045 2380 1137 2423 είκ-
1248 2373 1413 2417 institui
1444 2386 1581 2418 autem
1618 2375 1685 2418 sub
1717 2374 1956 2420 conditione
1989 2375 2147 2432 possunt
2178 2394 2224 2420 o-

110 2427 215 2469 nerit
236 2459 248 2480 ‚
281 2430 404 2471 trahit
435 2429 623 2484 dispositi«
644 2446 737 2473 nem
772 2431 819 2473 ad
854 2443 1012 2489 tempus
1043 2448 1138 2478 ame
1190 2444 1305 2472 mnes
1330 2461 1343 2483 ‚
1388 2443 1530 2485 praeter
1560 2429 1893 2476 Filiumfamilias
1923 2465 1934 2483 ,
1967 2433 2036 2489 qui
2066 2433 2220 2478 institui

110 2484 330 2539 reditum3
384 2487 424 2529 Si
470 2489 601 2532 Navis
645 2504 727 2531 non
772 2489 929 2532 venerit
957 2521 968 2542 ‚
1021 2492 1137 2536 nullo
1188 2501 1271 2528 non
1305 2488 1465 2541 potest,
1511 2486 1585 2530 nifi
1631 2489 1696 2532 sub
1727 2490 1968 2534 conditione
1996 2523 2007 2543 ‚
2050 2506 2138 2546 quae
2167 2493 2218 2534 ab

107 2552 294 2596 tempore
322 2543 400 2586 erit
431 2543 543 2589 heres
567 2578 580 2600 ‚
630 2546 736 2602 quafi
767 2545 978 2591 defunffius
1008 2548 1137 2593 deces·
1187 2543 1304 2598 ipfius
1360 2546 1505 2600 pendet
1546 2546 1715 2589 arbitrio
1741 2577 1753 2598 5
1795 2563 1917 2603 <1¹¹3OE
1979 2548 2216 2601 potestatem

107 2596 201 2641 serit
233 2599 438 2643 intestatus
453 2634 462 2644 .
1185 2601 1424 2657 appellant3
1448 2617 1594 2658 nempe
1604 2601 1644 2658 fi
1657 2603 1903 2659 Capitolium
1915 2604 2132 2659 ascenderit
2147 2635 2158 2647 .

164 2656 237 2719 §ed
273 2656 298 2699 fi
334 2660 422 2713 quis
450 2661 677 2704 instituatur
712 2661 755 2705 in
779 2661 888 2705 diem
914 2693 925 2715 ‚
966 2675 1062 2719 puta
1086 2664 1134 2708 ad

103 2717 435 2767 quinquennium
480 2722 559 2771 post
593 2732 767 2763 mortem
801 2735 963 2774 meam,
1003 2721 1131 2766 velex

104 2784 150 2813 ea
175 2770 240 2813 die
274 2786 366 2825 puta
383 2805 394 2825 ‚
422 2773 534 2819 heres
567 2776 613 2818 fir
638 2793 658 2819 a
678 2776 824 2835 quinto
847 2778 930 2833 post
955 2791 1130 2823 mortem

214 2831 318 2883 Jam'
347 2833 555 2877 Gravinae.
587 2836 626 2886 T
629 2851 700 2876 om.
734 2837 790 2878 ΙΙ.
2126 2834 2208 2876 ΤῘ·

1814 2832 1893 2878 Ee

101 2958 521 2977 -Q——ss—
526 2969 627 2976 ———
631 2967 810 2978 naq*
1758 2966 1997 2977 -U——ffl

149 3041 169 3080 (
183 3053 203 3073 ¹³
215 3042 233 3079 Ἰ
260 3048 350 3078 Amh
373 3049 450 3082 licet
467 3050 500 3079 C.
517 3048 554 3081 de
581 3057 687 3079 natur.
704 3045 764 3080 lib.
1218 3046 1270 3085 (d
1285 3046 1304 3084 )
1332 3045 1406 3087 Lfi
1421 3044 1537 3090 diesff.
1555 3048 1591 3080 de
1605 3048 1730 3079 uuanda
1747 3047 1794 3076 «lie
1811 3048 1877 3087 leg.
1893 3046 1958 3077 ted.
2180 3088 2188 3097 ι

151 3085 228 3126 (ὁ)
254 3093 289 3123 L.
322 3101 348 3129 3.
366 3097 398 3125 c.
413 3096 452 3126 de
469 3091 564 3134 Aross
593 3096 619 3124 1.
644 3104 674 3129 4.
691 3094 725 3124 C.
741 3093 779 3125 de
794 3097 909 3130 Heres.
925 3091 963 3126 (θ’
978 3091 1120 3129 Manich.
1141 3125 1150 3135 ,
1219 3092 1237 3128 (
1253 3089 1299 3130 ε)
1337 3091 1373 3122 L.
1393 3095 1580 3134 &aptatam
1598 3089 1640 3137 ΕΣ
1667 3094 1705 3125 a'e
1731 3092 1831 3125 hemi.
1852 3089 1955 3133 instit.
1982 3092 2004 3124 Ι.
2027 3097 2209 3133 eaprmorm

163 3136 182 3174 <
196 3137 243 3175 c>
270 3142 414 3175 Limnes
428 3142 476 3175 ita
487 3137 526 3182 ff
541 3140 576 3172 d.
595 3135 731 3178 Tastam.
748 3141 820 3174 mil.
1148 3141 1206 3176 a·
1229 3136 1266 3169 de
1291 3138 1394 3179 legat.
1414 3146 1427 3168 ι
