<?xml version="1.0" encoding="UTF-8"?>
<!DOCTYPE html PUBLIC "-//W3C//DTD XHTML 1.0 Transitional//EN"
    "http://www.w3.org/TR/xhtml1/DTD/xhtml1-transitional.dtd">
<html xmlns="http://www.w3.org/1999/xhtml" xml:lang="en" lang="en">
 <head>
  <title>
</title>
<meta http-equiv="Content-Type" content="text/html;charset=utf-8" />
  <meta name='ocr-system' content='tesseract 3.04.00' />
  <meta name='ocr-capabilities' content='ocr_page ocr_carea ocr_par ocr_line ocrx_word'/>
</head>
<body>
  <div class='ocr_page' id='page_1' title='image "./janivincentiigra02gravuoft_0225.png"; bbox 0 0 2451 3470; ppageno 0'>
   <div class='ocr_carea' id='block_1_1' title="bbox 277 69 305 85">
    <p class='ocr_par' dir='ltr' id='par_1_1' title="bbox 277 69 305 85">
     <span class='ocr_line' id='line_1_1' title="bbox 277 69 305 85; baseline 0 0"><span class='ocrx_word' id='word_1_1' title='bbox 277 69 305 85; x_wconf 67' lang='lat'>‘³⁵</span> 
     </span>
    </p>
   </div>
   <div class='ocr_carea' id='block_1_2' title="bbox 521 123 1877 208">
    <p class='ocr_par' dir='ltr' id='par_1_2' title="bbox 521 123 1877 208">
     <span class='ocr_line' id='line_1_2' title="bbox 521 123 1877 208; baseline -0.004 -21"><span class='ocrx_word' id='word_1_2' title='bbox 521 129 880 208; x_wconf 72' lang='lat' dir='ltr'>Juats</span> <span class='ocrx_word' id='word_1_3' title='bbox 961 123 1877 191; x_wconf 77' lang='lat' dir='ltr'>RECEPTIORls.</span> 
     </span>
    </p>
   </div>
   <div class='ocr_carea' id='block_1_3' title="bbox 2173 153 2276 203">
    <p class='ocr_par' dir='ltr' id='par_1_3' title="bbox 2173 153 2276 203">
     <span class='ocr_line' id='line_1_3' title="bbox 2173 153 2276 203; baseline -0.01 -14"><span class='ocrx_word' id='word_1_4' title='bbox 2173 153 2276 203; x_wconf 70' lang='lat'>219</span> 
     </span>
    </p>
   </div>
   <div class='ocr_carea' id='block_1_4' title="bbox 150 197 2276 380">
    <p class='ocr_par' dir='ltr' id='par_1_4' title="bbox 150 197 2276 380">
     <span class='ocr_line' id='line_1_4' title="bbox 202 197 2276 268; baseline -0.005 -12"><span class='ocrx_word' id='word_1_5' title='bbox 202 211 245 256; x_wconf 83' lang='lat' dir='ltr'>Si</span> <span class='ocrx_word' id='word_1_6' title='bbox 278 226 374 255; x_wconf 83' lang='lat' dir='ltr'>vero</span> <span class='ocrx_word' id='word_1_7' title='bbox 407 208 496 266; x_wconf 68' lang='lat' dir='ltr'>quis</span> <span class='ocrx_word' id='word_1_8' title='bbox 528 208 693 252; x_wconf 75' lang='lat' dir='ltr'>sitium</span> <span class='ocrx_word' id='word_1_9' title='bbox 722 238 734 259; x_wconf 89' lang='lat'>,</span> <span class='ocrx_word' id='word_1_10' title='bbox 779 206 822 249; x_wconf 74' lang='grc' dir='ltr'>δι</span> <span class='ocrx_word' id='word_1_11' title='bbox 848 205 1050 249; x_wconf 64' lang='lat' dir='ltr'>Mae-vium</span> <span class='ocrx_word' id='word_1_12' title='bbox 1085 204 1177 253; x_wconf 83' lang='lat' dir='ltr'>scri·</span> <span class='ocrx_word' id='word_1_13' title='bbox 1237 199 1347 244; x_wconf 87' lang='lat' dir='ltr'>illius</span> <span class='ocrx_word' id='word_1_14' title='bbox 1377 197 1524 266; x_wconf 38' lang='lat' dir='ltr'>casum·</span> <span class='ocrx_word' id='word_1_15' title='bbox 1548 200 1735 258; x_wconf 89' lang='lat' dir='ltr'>sequatur</span> <span class='ocrx_word' id='word_1_16' title='bbox 1760 235 1773 257; x_wconf 89' lang='lat'>,</span> <span class='ocrx_word' id='word_1_17' title='bbox 1804 218 2196 268; x_wconf 21' lang='lat' dir='ltr'>eoquelcurrcntffi</span> <span class='ocrx_word' id='word_1_18' title='bbox 2229 213 2276 254; x_wconf 80' lang='lat' dir='ltr'>fi.</span> 
     </span>
     <span class='ocr_line' id='line_1_5' title="bbox 150 257 2265 328; baseline -0.005 -17"><span class='ocrx_word' id='word_1_19' title='bbox 150 270 270 328; x_wconf 78' lang='lat' dir='ltr'>pserit</span> <span class='ocrx_word' id='word_1_20' title='bbox 303 267 523 319; x_wconf 78' lang='lat' dir='ltr'>heredem3</span> <span class='ocrx_word' id='word_1_21' title='bbox 551 266 594 308; x_wconf 83' lang='lat'>&amp;</span> <span class='ocrx_word' id='word_1_22' title='bbox 620 265 822 307; x_wconf 72' lang='lat' dir='ltr'>Moeviiim</span> <span class='ocrx_word' id='word_1_23' title='bbox 843 263 994 326; x_wconf 63' lang='lat' dir='ltr'>Titio,</span> <span class='ocrx_word' id='word_1_24' title='bbox 1027 264 1185 309; x_wconf 78' lang='lat' dir='ltr'>Maevio</span> <span class='ocrx_word' id='word_1_25' title='bbox 1239 257 1326 303; x_wconf 80' lang='lat' dir='ltr'>mul</span> <span class='ocrx_word' id='word_1_26' title='bbox 1355 269 1484 301; x_wconf 77' lang='lat' dir='ltr'>etiam</span> <span class='ocrx_word' id='word_1_27' title='bbox 1516 258 1587 304; x_wconf 75' lang='lat' dir='ltr'>illa</span> <span class='ocrx_word' id='word_1_28' title='bbox 1618 259 1691 315; x_wconf 86' lang='lat' dir='ltr'>fit,</span> <span class='ocrx_word' id='word_1_29' title='bbox 1723 258 1750 303; x_wconf 81' lang='lat' dir='ltr'>si</span> <span class='ocrx_word' id='word_1_30' title='bbox 1783 261 1832 302; x_wconf 91' lang='lat' dir='ltr'>ab</span> <span class='ocrx_word' id='word_1_31' title='bbox 1864 275 1987 304; x_wconf 78' lang='lat' dir='ltr'>initio</span> <span class='ocrx_word' id='word_1_32' title='bbox 2021 265 2150 326; x_wconf 62' lang='lat' dir='ltr'>ipsum</span> <span class='ocrx_word' id='word_1_33' title='bbox 2181 271 2265 313; x_wconf 62' lang='lat' dir='ltr'>Te-</span> 
     </span>
     <span class='ocr_line' id='line_1_6' title="bbox 150 315 2110 380; baseline -0.004 -11"><span class='ocrx_word' id='word_1_34' title='bbox 150 341 288 369; x_wconf 85' lang='lat' dir='ltr'>autem</span> <span class='ocrx_word' id='word_1_35' title='bbox 322 324 615 380; x_wconf 83' lang='lat' dir='ltr'>Sempronium</span> <span class='ocrx_word' id='word_1_36' title='bbox 661 321 902 363; x_wconf 76' lang='lat' dir='ltr'>substituerit</span> <span class='ocrx_word' id='word_1_37' title='bbox 938 350 950 371; x_wconf 92' lang='lat'>,</span> <span class='ocrx_word' id='word_1_38' title='bbox 1000 334 1048 361; x_wconf 92' lang='lat' dir='ltr'>eo</span> <span class='ocrx_word' id='word_1_39' title='bbox 1096 322 1184 364; x_wconf 86' lang='lat' dir='ltr'>casu</span> <span class='ocrx_word' id='word_1_40' title='bbox 1242 316 1489 362; x_wconf 87' lang='lat' dir='ltr'>stamentum</span> <span class='ocrx_word' id='word_1_41' title='bbox 1520 329 1738 374; x_wconf 87' lang='lat' dir='ltr'>paternum</span> <span class='ocrx_word' id='word_1_42' title='bbox 1771 315 1935 365; x_wconf 79' lang='lat' dir='ltr'>nullum</span> <span class='ocrx_word' id='word_1_43' title='bbox 1968 318 2110 363; x_wconf 70' lang='lat' dir='ltr'>fuerit.</span> 
     </span>
    </p>
   </div>
   <div class='ocr_carea' id='block_1_5' title="bbox 149 373 1193 770">
    <p class='ocr_par' dir='ltr' id='par_1_5' title="bbox 149 373 1193 770">
     <span class='ocr_line' id='line_1_7' title="bbox 149 373 1189 436; baseline -0.005 -10"><span class='ocrx_word' id='word_1_44' title='bbox 149 384 228 426; x_wconf 80' lang='lat' dir='ltr'>sive</span> <span class='ocrx_word' id='word_1_45' title='bbox 261 382 439 426; x_wconf 74' lang='lat' dir='ltr'>Maevius</span> <span class='ocrx_word' id='word_1_46' title='bbox 471 376 887 436; x_wconf 75' lang='lat' dir='ltr'>praemoriatur&#39;Eitio</span> <span class='ocrx_word' id='word_1_47' title='bbox 910 407 921 427; x_wconf 87' lang='lat'>,</span> <span class='ocrx_word' id='word_1_48' title='bbox 956 375 1034 420; x_wconf 84' lang='lat' dir='ltr'>five</span> <span class='ocrx_word' id='word_1_49' title='bbox 1047 373 1189 421; x_wconf 83' lang='lat' dir='ltr'>Titius</span> 
     </span>
     <span class='ocr_line' id='line_1_8' title="bbox 149 431 1187 533; baseline -0.005 -50"><span class='ocrx_word' id='word_1_50' title='bbox 149 440 306 483; x_wconf 74' lang='lat' dir='ltr'>Maevio</span> <span class='ocrx_word' id='word_1_51' title='bbox 323 473 334 493; x_wconf 89' lang='lat'>,</span> <span class='ocrx_word' id='word_1_52' title='bbox 366 437 631 493; x_wconf 81' lang='lat' dir='ltr'>Sempronius</span> <span class='ocrx_word' id='word_1_53' title='bbox 665 434 866 533; x_wconf 53' lang='grc' dir='ltr'>υῖτᾲαἷιιέε</span> <span class='ocrx_word' id='word_1_54' title='bbox 889 444 1046 486; x_wconf 84' lang='lat' dir='ltr'>partem</span> <span class='ocrx_word' id='word_1_55' title='bbox 1064 431 1187 478; x_wconf 83' lang='lat' dir='ltr'>habe-</span> 
     </span>
     <span class='ocr_line' id='line_1_9' title="bbox 152 485 1190 555; baseline -0.005 -16"><span class='ocrx_word' id='word_1_56' title='bbox 152 498 210 539; x_wconf 84' lang='lat' dir='ltr'>bit</span> <span class='ocrx_word' id='word_1_57' title='bbox 237 529 246 539; x_wconf 94' lang='lat'>.</span> <span class='ocrx_word' id='word_1_58' title='bbox 290 499 405 540; x_wconf 88' lang='lat' dir='ltr'>Cum</span> <span class='ocrx_word' id='word_1_59' title='bbox 437 496 554 540; x_wconf 82' lang='lat' dir='ltr'>enim</span> <span class='ocrx_word' id='word_1_60' title='bbox 596 485 764 535; x_wconf 69' lang='lat' dir='ltr'>alteriti&#39;s</span> <span class='ocrx_word' id='word_1_61' title='bbox 839 491 966 533; x_wconf 87' lang='lat' dir='ltr'>eredis</span> <span class='ocrx_word' id='word_1_62' title='bbox 999 504 1089 545; x_wconf 89' lang='lat' dir='ltr'>pars</span> <span class='ocrx_word' id='word_1_63' title='bbox 1122 493 1190 555; x_wconf 80' lang='lat' dir='ltr'>ad-</span> 
     </span>
     <span class='ocr_line' id='line_1_10' title="bbox 154 547 1193 609; baseline -0.007 -12"><span class='ocrx_word' id='word_1_64' title='bbox 154 555 342 597; x_wconf 74' lang='lat' dir='ltr'>hoerescat</span> <span class='ocrx_word' id='word_1_65' title='bbox 374 553 490 597; x_wconf 85' lang='lat' dir='ltr'>alteri</span> <span class='ocrx_word' id='word_1_66' title='bbox 513 568 525 605; x_wconf 80' lang='lat'>3</span> <span class='ocrx_word' id='word_1_67' title='bbox 557 565 625 606; x_wconf 88' lang='lat' dir='ltr'>per</span> <span class='ocrx_word' id='word_1_68' title='bbox 654 547 840 604; x_wconf 73' lang='lat' dir='ltr'>,regulam</span> <span class='ocrx_word' id='word_1_69' title='bbox 865 547 1000 609; x_wconf 82' lang='lat' dir='ltr'>Juris,</span> <span class='ocrx_word' id='word_1_70' title='bbox 1026 563 1076 590; x_wconf 87' lang='lat' dir='ltr'>ne</span> <span class='ocrx_word' id='word_1_71' title='bbox 1101 564 1193 604; x_wconf 75' lang='lat' dir='ltr'>qurs</span> 
     </span>
     <span class='ocr_line' id='line_1_11' title="bbox 155 605 1187 667; baseline -0.006 -13"><span class='ocrx_word' id='word_1_72' title='bbox 155 627 228 667; x_wconf 87' lang='lat' dir='ltr'>pro</span> <span class='ocrx_word' id='word_1_73' title='bbox 261 624 371 666; x_wconf 88' lang='lat' dir='ltr'>parte</span> <span class='ocrx_word' id='word_1_74' title='bbox 403 610 593 660; x_wconf 85' lang='lat' dir='ltr'>testatus,</span> <span class='ocrx_word' id='word_1_75' title='bbox 627 621 699 661; x_wconf 85' lang='lat' dir='ltr'>pro</span> <span class='ocrx_word' id='word_1_76' title='bbox 732 617 842 667; x_wconf 76' lang='lat' dir='ltr'>parte</span> <span class='ocrx_word' id='word_1_77' title='bbox 863 605 1101 658; x_wconf 73' lang='lat' dir='ltr'>intestatus,</span> <span class='ocrx_word' id='word_1_78' title='bbox 1121 606 1187 649; x_wconf 89' lang='lat' dir='ltr'>de-</span> 
     </span>
     <span class='ocr_line' id='line_1_12' title="bbox 156 662 1188 722; baseline -0.007 -10"><span class='ocrx_word' id='word_1_79' title='bbox 156 670 269 712; x_wconf 73' lang='lat' dir='ltr'>cedat</span> <span class='ocrx_word' id='word_1_80' title='bbox 292 701 304 722; x_wconf 96' lang='lat'>,</span> <span class='ocrx_word' id='word_1_81' title='bbox 336 667 486 712; x_wconf 81' lang='lat' dir='ltr'>necesse</span> <span class='ocrx_word' id='word_1_82' title='bbox 525 666 579 709; x_wconf 81' lang='lat' dir='ltr'>est</span> <span class='ocrx_word' id='word_1_83' title='bbox 611 679 655 707; x_wconf 88' lang='lat' dir='ltr'>ut</span> <span class='ocrx_word' id='word_1_84' title='bbox 689 662 920 705; x_wconf 73' lang='lat' dir='ltr'>substitutus</span> <span class='ocrx_word' id='word_1_85' title='bbox 952 662 1188 717; x_wconf 85' lang='lat' dir='ltr'>substituto,</span> 
     </span>
     <span class='ocr_line' id='line_1_13' title="bbox 158 719 1044 770; baseline -0.007 0"><span class='ocrx_word' id='word_1_86' title='bbox 158 727 364 770; x_wconf 84' lang='lat' dir='ltr'>censeatur</span> <span class='ocrx_word' id='word_1_87' title='bbox 395 726 520 770; x_wconf 87' lang='lat' dir='ltr'>etiam</span> <span class='ocrx_word' id='word_1_88' title='bbox 555 721 786 766; x_wconf 85' lang='lat' dir='ltr'>substitutus</span> <span class='ocrx_word' id='word_1_89' title='bbox 832 719 1044 764; x_wconf 87' lang='lat' dir='ltr'>instituto.</span> 
     </span>
    </p>
   </div>
   <div class='ocr_carea' id='block_1_6' title="bbox 357 833 985 1006">
    <p class='ocr_par' dir='ltr' id='par_1_6' title="bbox 357 833 985 1006">
     <span class='ocr_line' id='line_1_14' title="bbox 369 833 979 904; baseline -0.011 -22"><span class='ocrx_word' id='word_1_90' title='bbox 369 833 816 904; x_wconf 22' lang='lat' dir='ltr'>TITUhLUS</span> <span class='ocrx_word' id='word_1_91' title='bbox 874 834 979 877; x_wconf 89' lang='lat' dir='ltr'>XII.</span> 
     </span>
     <span class='ocr_line' id='line_1_15' title="bbox 357 944 985 1006; baseline -0.003 -11"><span class='ocrx_word' id='word_1_92' title='bbox 357 953 424 998; x_wconf 83' lang='lat' dir='ltr'>De</span> <span class='ocrx_word' id='word_1_93' title='bbox 455 948 660 1006; x_wconf 80' lang='lat' dir='ltr'>Pupillari</span> <span class='ocrx_word' id='word_1_94' title='bbox 683 944 985 1005; x_wconf 75' lang='lat' dir='ltr'>substitutione.</span> 
     </span>
    </p>
   </div>
   <div class='ocr_carea' id='block_1_7' title="bbox 245 1061 1220 1119">
    <p class='ocr_par' dir='ltr' id='par_1_7' title="bbox 245 1061 1220 1119">
     <span class='ocr_line' id='line_1_16' title="bbox 245 1061 1220 1119; baseline -0.003 -10"><span class='ocrx_word' id='word_1_95' title='bbox 245 1061 720 1119; x_wconf 79' lang='lat' dir='ltr'>Ubflitutiopupillaris</span> <span class='ocrx_word' id='word_1_96' title='bbox 763 1076 851 1117; x_wconf 87' lang='lat' dir='ltr'>quae</span> <span class='ocrx_word' id='word_1_97' title='bbox 882 1062 955 1115; x_wconf 83' lang='lat' dir='ltr'>sit,</span> <span class='ocrx_word' id='word_1_98' title='bbox 995 1062 1106 1118; x_wconf 90' lang='lat' dir='ltr'>supra</span> <span class='ocrx_word' id='word_1_99' title='bbox 1136 1062 1220 1117; x_wconf 65' lang='lat' dir='ltr'>est,</span> 
     </span>
    </p>
   </div>
   <div class='ocr_carea' id='block_1_8' title="bbox 149 1119 1193 1862">
    <p class='ocr_par' dir='ltr' id='par_1_8' title="bbox 154 1119 1193 1349">
     <span class='ocr_line' id='line_1_17' title="bbox 160 1119 1193 1178; baseline -0.001 -14"><span class='ocrx_word' id='word_1_100' title='bbox 160 1144 191 1166; x_wconf 60' lang='lat' dir='ltr'>i„</span> <span class='ocrx_word' id='word_1_101' title='bbox 254 1123 508 1178; x_wconf 79' lang='lat' dir='ltr'>expofiturn.</span> <span class='ocrx_word' id='word_1_102' title='bbox 542 1125 644 1178; x_wconf 77' lang='lat' dir='ltr'>Quae</span> <span class='ocrx_word' id='word_1_103' title='bbox 674 1134 768 1163; x_wconf 90' lang='lat' dir='ltr'>cum</span> <span class='ocrx_word' id='word_1_104' title='bbox 801 1120 958 1164; x_wconf 85' lang='lat' dir='ltr'>aPatre</span> <span class='ocrx_word' id='word_1_105' title='bbox 990 1121 1061 1164; x_wconf 88' lang='lat' dir='ltr'>fiat</span> <span class='ocrx_word' id='word_1_106' title='bbox 1088 1119 1193 1163; x_wconf 80' lang='lat' dir='ltr'>Pilio</span> 
     </span>
     <span class='ocr_line' id='line_1_18' title="bbox 155 1177 1192 1236; baseline -0.004 -11"><span class='ocrx_word' id='word_1_107' title='bbox 155 1179 387 1236; x_wconf 78' lang='lat' dir='ltr'>impuberi,</span> <span class='ocrx_word' id='word_1_108' title='bbox 419 1195 540 1236; x_wconf 91' lang='lat' dir='ltr'>quem</span> <span class='ocrx_word' id='word_1_109' title='bbox 575 1180 695 1223; x_wconf 88' lang='lat' dir='ltr'>habet</span> <span class='ocrx_word' id='word_1_110' title='bbox 726 1178 769 1220; x_wconf 85' lang='lat' dir='ltr'>in</span> <span class='ocrx_word' id='word_1_111' title='bbox 803 1177 994 1231; x_wconf 84' lang='lat' dir='ltr'>potestate</span> <span class='ocrx_word' id='word_1_112' title='bbox 1021 1209 1032 1230; x_wconf 89' lang='lat'>‚</span> <span class='ocrx_word' id='word_1_113' title='bbox 1075 1177 1102 1221; x_wconf 85' lang='lat' dir='ltr'><strong>fi</strong></span> <span class='ocrx_word' id='word_1_114' title='bbox 1123 1177 1192 1221; x_wconf 90' lang='lat' dir='ltr'>he-</span> 
     </span>
     <span class='ocr_line' id='line_1_19' title="bbox 155 1235 1192 1292; baseline -0.002 -13"><span class='ocrx_word' id='word_1_115' title='bbox 155 1253 215 1280; x_wconf 86' lang='lat' dir='ltr'>res</span> <span class='ocrx_word' id='word_1_116' title='bbox 248 1239 322 1292; x_wconf 83' lang='lat' dir='ltr'>fit,</span> <span class='ocrx_word' id='word_1_117' title='bbox 354 1239 397 1282; x_wconf 73' lang='grc' dir='ltr'>δι.</span> <span class='ocrx_word' id='word_1_118' title='bbox 430 1240 471 1280; x_wconf 88' lang='lat' dir='ltr'>in</span> <span class='ocrx_word' id='word_1_119' title='bbox 507 1235 700 1291; x_wconf 85' lang='lat' dir='ltr'>pupillari</span> <span class='ocrx_word' id='word_1_120' title='bbox 731 1246 846 1279; x_wconf 80' lang='lat' dir='ltr'>aetate</span> <span class='ocrx_word' id='word_1_121' title='bbox 866 1235 1065 1288; x_wconf 88' lang='lat' dir='ltr'>decedat,</span> <span class='ocrx_word' id='word_1_122' title='bbox 1096 1251 1192 1290; x_wconf 89' lang='lat' dir='ltr'>pro-</span> 
     </span>
     <span class='ocr_line' id='line_1_20' title="bbox 154 1288 1190 1349; baseline -0.002 -13"><span class='ocrx_word' id='word_1_123' title='bbox 154 1308 289 1349; x_wconf 82' lang='lat' dir='ltr'>pterea</span> <span class='ocrx_word' id='word_1_124' title='bbox 321 1296 405 1338; x_wconf 84' lang='lat' dir='ltr'>fieri</span> <span class='ocrx_word' id='word_1_125' title='bbox 438 1309 522 1336; x_wconf 85' lang='lat' dir='ltr'>non</span> <span class='ocrx_word' id='word_1_126' title='bbox 550 1293 674 1348; x_wconf 85' lang='lat' dir='ltr'>potest</span> <span class='ocrx_word' id='word_1_127' title='bbox 693 1292 796 1334; x_wconf 79' lang='lat' dir='ltr'>Filio</span> <span class='ocrx_word' id='word_1_128' title='bbox 813 1288 1104 1346; x_wconf 68' lang='lat' dir='ltr'>emancipat·</span> <span class='ocrx_word' id='word_1_129' title='bbox 1126 1293 1190 1345; x_wconf 81' lang='lat' dir='ltr'>(a)</span> 
     </span>
    </p>

    <p class='ocr_par' dir='ltr' id='par_1_9' title="bbox 149 1347 1192 1862">
     <span class='ocr_line' id='line_1_21' title="bbox 213 1347 1189 1408; baseline -0.002 -15"><span class='ocrx_word' id='word_1_130' title='bbox 213 1352 286 1396; x_wconf 89' lang='lat' dir='ltr'>Per</span> <span class='ocrx_word' id='word_1_131' title='bbox 330 1352 540 1408; x_wconf 84' lang='lat' dir='ltr'>vulgarem</span> <span class='ocrx_word' id='word_1_132' title='bbox 584 1364 724 1393; x_wconf 88' lang='lat' dir='ltr'>autem</span> <span class='ocrx_word' id='word_1_133' title='bbox 772 1347 1000 1392; x_wconf 83' lang='lat' dir='ltr'>succeditur</span> <span class='ocrx_word' id='word_1_134' title='bbox 1033 1349 1142 1394; x_wconf 86' lang='lat' dir='ltr'>Patri</span> <span class='ocrx_word' id='word_1_135' title='bbox 1177 1366 1189 1403; x_wconf 82' lang='lat'>3</span> 
     </span>
     <span class='ocr_line' id='line_1_22' title="bbox 152 1405 1191 1465; baseline -0.003 -14"><span class='ocrx_word' id='word_1_136' title='bbox 152 1424 222 1463; x_wconf 87' lang='lat' dir='ltr'>per</span> <span class='ocrx_word' id='word_1_137' title='bbox 265 1409 512 1465; x_wconf 83' lang='lat' dir='ltr'>pupillarem</span> <span class='ocrx_word' id='word_1_138' title='bbox 557 1406 628 1462; x_wconf 83' lang='lat' dir='ltr'>ipfi</span> <span class='ocrx_word' id='word_1_139' title='bbox 661 1405 767 1449; x_wconf 79' lang='lat' dir='ltr'>Filio</span> <span class='ocrx_word' id='word_1_140' title='bbox 800 1437 812 1458; x_wconf 91' lang='lat'>‚</span> <span class='ocrx_word' id='word_1_141' title='bbox 853 1407 918 1450; x_wconf 86' lang='lat' dir='ltr'>cui</span> <span class='ocrx_word' id='word_1_142' title='bbox 953 1405 1191 1460; x_wconf 79' lang='lat' dir='ltr'>substituen-</span> 
     </span>
     <span class='ocr_line' id='line_1_23' title="bbox 155 1460 1192 1518; baseline -0.002 -9"><span class='ocrx_word' id='word_1_143' title='bbox 155 1465 206 1509; x_wconf 89' lang='lat' dir='ltr'>do</span> <span class='ocrx_word' id='word_1_144' title='bbox 240 1466 356 1509; x_wconf 87' lang='lat' dir='ltr'>Pater</span> <span class='ocrx_word' id='word_1_145' title='bbox 401 1466 688 1509; x_wconf 84' lang='lat' dir='ltr'>testamentum</span> <span class='ocrx_word' id='word_1_146' title='bbox 730 1460 948 1506; x_wconf 77' lang='lat' dir='ltr'>condidisse</span> <span class='ocrx_word' id='word_1_147' title='bbox 979 1465 1192 1518; x_wconf 80' lang='lat' dir='ltr'>censetur3</span> 
     </span>
     <span class='ocr_line' id='line_1_24' title="bbox 151 1518 1185 1577; baseline 0 -12"><span class='ocrx_word' id='word_1_148' title='bbox 151 1525 363 1577; x_wconf 69' lang='lat' dir='ltr'>propterefa</span> <span class='ocrx_word' id='word_1_149' title='bbox 409 1523 640 1566; x_wconf 80' lang='lat' dir='ltr'>substitutus</span> <span class='ocrx_word' id='word_1_150' title='bbox 692 1520 865 1565; x_wconf 84' lang='lat' dir='ltr'>succedit</span> <span class='ocrx_word' id='word_1_151' title='bbox 898 1518 1005 1564; x_wconf 90' lang='lat' dir='ltr'>Filio</span> <span class='ocrx_word' id='word_1_152' title='bbox 1037 1553 1051 1575; x_wconf 85' lang='lat'>‚</span> <span class='ocrx_word' id='word_1_153' title='bbox 1099 1537 1185 1565; x_wconf 87' lang='lat' dir='ltr'>non</span> 
     </span>
     <span class='ocr_line' id='line_1_25' title="bbox 151 1575 1192 1632; baseline 0.003 -12"><span class='ocrx_word' id='word_1_154' title='bbox 151 1579 280 1622; x_wconf 89' lang='lat' dir='ltr'>solum</span> <span class='ocrx_word' id='word_1_155' title='bbox 316 1581 359 1623; x_wconf 90' lang='lat' dir='ltr'>in</span> <span class='ocrx_word' id='word_1_156' title='bbox 394 1580 577 1622; x_wconf 82' lang='lat' dir='ltr'>Paternis</span> <span class='ocrx_word' id='word_1_157' title='bbox 604 1609 618 1632; x_wconf 92' lang='lat'>,</span> <span class='ocrx_word' id='word_1_158' title='bbox 661 1577 724 1620; x_wconf 91' lang='lat' dir='ltr'>sed</span> <span class='ocrx_word' id='word_1_159' title='bbox 758 1578 802 1620; x_wconf 89' lang='lat' dir='ltr'>in</span> <span class='ocrx_word' id='word_1_160' title='bbox 833 1575 925 1620; x_wconf 82' lang='lat' dir='ltr'>aliis</span> <span class='ocrx_word' id='word_1_161' title='bbox 957 1578 1086 1623; x_wconf 89' lang='lat' dir='ltr'>etiarn</span> <span class='ocrx_word' id='word_1_162' title='bbox 1119 1581 1192 1623; x_wconf 91' lang='lat' dir='ltr'>bo-</span> 
     </span>
     <span class='ocr_line' id='line_1_26' title="bbox 149 1634 1192 1695; baseline 0.001 -16"><span class='ocrx_word' id='word_1_163' title='bbox 149 1637 213 1679; x_wconf 87' lang='lat' dir='ltr'>nis</span> <span class='ocrx_word' id='word_1_164' title='bbox 245 1637 353 1680; x_wconf 83' lang='lat' dir='ltr'>Filio</span> <span class='ocrx_word' id='word_1_165' title='bbox 382 1636 551 1680; x_wconf 67' lang='lat' dir='ltr'>&#39;aliunde</span> <span class='ocrx_word' id='word_1_166' title='bbox 583 1634 757 1691; x_wconf 79' lang='lat' dir='ltr'>quaefitis</span> <span class='ocrx_word' id='word_1_167' title='bbox 783 1665 792 1677; x_wconf 89' lang='lat'>.</span> <span class='ocrx_word' id='word_1_168' title='bbox 824 1635 889 1689; x_wconf 82' lang='lat' dir='ltr'>(g)</span> <span class='ocrx_word' id='word_1_169' title='bbox 921 1636 981 1695; x_wconf 83' lang='lat' dir='ltr'>At</span> <span class='ocrx_word' id='word_1_170' title='bbox 1013 1636 1083 1691; x_wconf 89' lang='lat' dir='ltr'>qui</span> <span class='ocrx_word' id='word_1_171' title='bbox 1118 1636 1192 1680; x_wconf 87' lang='lat' dir='ltr'>ad-</span> 
     </span>
     <span class='ocr_line' id='line_1_27' title="bbox 153 1691 1188 1749; baseline 0.002 -13"><span class='ocrx_word' id='word_1_172' title='bbox 153 1708 294 1749; x_wconf 82' lang='lat' dir='ltr'>rogato</span> <span class='ocrx_word' id='word_1_173' title='bbox 328 1694 431 1739; x_wconf 85' lang='lat' dir='ltr'>Filio</span> <span class='ocrx_word' id='word_1_174' title='bbox 465 1694 712 1737; x_wconf 79' lang='lat' dir='ltr'>substituitur</span> <span class='ocrx_word' id='word_1_175' title='bbox 736 1724 748 1744; x_wconf 92' lang='lat'>‚</span> <span class='ocrx_word' id='word_1_176' title='bbox 792 1691 1028 1735; x_wconf 81' lang='lat' dir='ltr'>admittitur</span> <span class='ocrx_word' id='word_1_177' title='bbox 1058 1693 1108 1736; x_wconf 90' lang='lat' dir='ltr'>ad</span> <span class='ocrx_word' id='word_1_178' title='bbox 1141 1710 1188 1738; x_wconf 87' lang='lat' dir='ltr'>ea</span> 
     </span>
     <span class='ocr_line' id='line_1_28' title="bbox 150 1749 1188 1810; baseline 0.001 -17"><span class='ocrx_word' id='word_1_179' title='bbox 150 1764 312 1794; x_wconf 83' lang='lat' dir='ltr'>tantum</span> <span class='ocrx_word' id='word_1_180' title='bbox 348 1752 453 1795; x_wconf 88' lang='lat' dir='ltr'>bona</span> <span class='ocrx_word' id='word_1_181' title='bbox 482 1782 494 1804; x_wconf 88' lang='lat'>,</span> <span class='ocrx_word' id='word_1_182' title='bbox 525 1765 613 1809; x_wconf 80' lang='lat' dir='ltr'>quae</span> <span class='ocrx_word' id='word_1_183' title='bbox 644 1751 856 1810; x_wconf 81' lang='lat' dir='ltr'>adrogatus</span> <span class='ocrx_word' id='word_1_184' title='bbox 889 1749 1033 1794; x_wconf 84' lang='lat' dir='ltr'>habuit</span> <span class='ocrx_word' id='word_1_185' title='bbox 1065 1752 1188 1801; x_wconf 88' lang='lat' dir='ltr'>bene-</span> 
     </span>
     <span class='ocr_line' id='line_1_29' title="bbox 153 1807 699 1862; baseline -0.009 -9"><span class='ocrx_word' id='word_1_186' title='bbox 153 1808 247 1853; x_wconf 76' lang='lat' dir='ltr'>ficio</span> <span class='ocrx_word' id='word_1_187' title='bbox 273 1807 533 1862; x_wconf 74' lang='lat' dir='ltr'>‘adrogaroris</span> <span class='ocrx_word' id='word_1_188' title='bbox 557 1839 566 1850; x_wconf 88' lang='lat'>.</span> <span class='ocrx_word' id='word_1_189' title='bbox 612 1809 699 1861; x_wconf 86' lang='lat' dir='ltr'>(c)</span> 
     </span>
    </p>
   </div>
   <div class='ocr_carea' id='block_1_9' title="bbox 212 1843 1204 1922">
    <p class='ocr_par' dir='ltr' id='par_1_10' title="bbox 212 1843 1204 1922">
     <span class='ocr_line' id='line_1_30' title="bbox 212 1843 1204 1922; baseline -0.001 -11"><span class='ocrx_word' id='word_1_190' title='bbox 212 1867 267 1911; x_wconf 87' lang='lat' dir='ltr'>Et</span> <span class='ocrx_word' id='word_1_191' title='bbox 300 1882 395 1912; x_wconf 85' lang='lat' dir='ltr'>cum</span> <span class='ocrx_word' id='word_1_192' title='bbox 427 1866 516 1922; x_wconf 85' lang='lat' dir='ltr'>quis</span> <span class='ocrx_word' id='word_1_193' title='bbox 548 1864 654 1908; x_wconf 85' lang='lat' dir='ltr'>Filio</span> <span class='ocrx_word' id='word_1_194' title='bbox 686 1862 844 1918; x_wconf 79' lang='lat' dir='ltr'>vulgari</span> <span class='ocrx_word' id='word_1_195' title='bbox 892 1865 1016 1909; x_wconf 89' lang='lat' dir='ltr'>modo</span> <span class='ocrx_word' id='word_1_196' title='bbox 1050 1843 1204 1911; x_wconf 22' lang='lat' dir='ltr'>substi-i‘</span> 
     </span>
    </p>
   </div>
   <div class='ocr_carea' id='block_1_10' title="bbox 151 1921 1188 2092">
    <p class='ocr_par' dir='ltr' id='par_1_11' title="bbox 151 1921 1188 2092">
     <span class='ocr_line' id='line_1_31' title="bbox 153 1921 1188 1978; baseline 0.003 -14"><span class='ocrx_word' id='word_1_197' title='bbox 153 1923 231 1966; x_wconf 87' lang='lat' dir='ltr'>tuit</span> <span class='ocrx_word' id='word_1_198' title='bbox 247 1955 259 1976; x_wconf 91' lang='lat'>,</span> <span class='ocrx_word' id='word_1_199' title='bbox 291 1923 449 1978; x_wconf 85' lang='lat' dir='ltr'>nempe</span> <span class='ocrx_word' id='word_1_200' title='bbox 465 1922 501 1976; x_wconf 78' lang='lat' dir='ltr'>si</span> <span class='ocrx_word' id='word_1_201' title='bbox 525 1923 630 1965; x_wconf 68' lang='lat' dir='ltr'>heres</span> <span class='ocrx_word' id='word_1_202' title='bbox 654 1937 728 1965; x_wconf 79' lang='lat' dir='ltr'>non</span> <span class='ocrx_word' id='word_1_203' title='bbox 743 1921 801 1974; x_wconf 71' lang='lat' dir='ltr'>stt</span> <span class='ocrx_word' id='word_1_204' title='bbox 818 1953 834 1977; x_wconf 15' lang='lat'>,7</span> <span class='ocrx_word' id='word_1_205' title='bbox 861 1922 1044 1966; x_wconf 88' lang='lat' dir='ltr'>censetur</span> <span class='ocrx_word' id='word_1_206' title='bbox 1062 1924 1188 1967; x_wconf 84' lang='lat' dir='ltr'>etiam</span> 
     </span>
     <span class='ocr_line' id='line_1_32' title="bbox 151 1979 1186 2037; baseline 0.002 -15"><span class='ocrx_word' id='word_1_207' title='bbox 151 1981 382 2024; x_wconf 73' lang='lat' dir='ltr'>substituisse</span> <span class='ocrx_word' id='word_1_208' title='bbox 416 1979 674 2035; x_wconf 84' lang='lat' dir='ltr'>pupillariter</span> <span class='ocrx_word' id='word_1_209' title='bbox 704 1980 1038 2037; x_wconf 19' lang='lat' dir='ltr'>eac&#39;jxtteagffnernpe</span> <span class='ocrx_word' id='word_1_210' title='bbox 1059 1980 1098 2034; x_wconf 82' lang='lat' dir='ltr'><strong><em>fi</em></strong></span> <span class='ocrx_word' id='word_1_211' title='bbox 1125 1983 1186 2024; x_wconf 84' lang='lat' dir='ltr'>he-</span> 
     </span>
     <span class='ocr_line' id='line_1_33' title="bbox 154 2034 1188 2092; baseline 0.002 -12"><span class='ocrx_word' id='word_1_212' title='bbox 154 2053 212 2080; x_wconf 80' lang='lat' dir='ltr'>res</span> <span class='ocrx_word' id='word_1_213' title='bbox 230 2036 284 2091; x_wconf 83' lang='lat' dir='ltr'>fit</span> <span class='ocrx_word' id='word_1_214' title='bbox 300 2071 309 2089; x_wconf 85' lang='lat'>,</span> <span class='ocrx_word' id='word_1_215' title='bbox 338 2037 392 2080; x_wconf 67' lang='lat'>(9³</span> <span class='ocrx_word' id='word_1_216' title='bbox 410 2039 452 2079; x_wconf 84' lang='lat' dir='ltr'>in</span> <span class='ocrx_word' id='word_1_217' title='bbox 463 2038 656 2092; x_wconf 75' lang='lat' dir='ltr'>pupillari</span> <span class='ocrx_word' id='word_1_218' title='bbox 674 2038 782 2078; x_wconf 67' lang='lat' dir='ltr'>atate</span> <span class='ocrx_word' id='word_1_219' title='bbox 800 2034 1020 2091; x_wconf 82' lang='lat' dir='ltr'>decefferit:</span> <span class='ocrx_word' id='word_1_220' title='bbox 1053 2054 1075 2081; x_wconf 92' lang='lat' dir='ltr'>e</span> <span class='ocrx_word' id='word_1_221' title='bbox 1091 2055 1188 2082; x_wconf 89' lang='lat' dir='ltr'>con·</span> 
     </span>
    </p>
   </div>
   <div class='ocr_carea' id='block_1_11' title="bbox 152 2092 1198 2150">
    <p class='ocr_par' dir='ltr' id='par_1_12' title="bbox 152 2092 1198 2150">
     <span class='ocr_line' id='line_1_34' title="bbox 152 2092 1198 2150; baseline 0.005 -15"><span class='ocrx_word' id='word_1_222' title='bbox 152 2095 264 2137; x_wconf 85' lang='lat' dir='ltr'>verso</span> <span class='ocrx_word' id='word_1_223' title='bbox 298 2095 323 2137; x_wconf 88' lang='lat' dir='ltr'>s1</span> <span class='ocrx_word' id='word_1_224' title='bbox 355 2096 444 2150; x_wconf 87' lang='lat' dir='ltr'>quis</span> <span class='ocrx_word' id='word_1_225' title='bbox 477 2092 733 2149; x_wconf 69' lang='lat' dir='ltr'>pupillarit&#39;er</span> <span class='ocrx_word' id='word_1_226' title='bbox 772 2093 1040 2148; x_wconf 84' lang='lat' dir='ltr'>substituerit,</span> <span class='ocrx_word' id='word_1_227' title='bbox 1072 2111 1198 2140; x_wconf 84' lang='lat' dir='ltr'>nem·-</span> 
     </span>
    </p>
   </div>
   <div class='ocr_carea' id='block_1_12' title="bbox 97 2150 1190 2905">
    <p class='ocr_par' dir='ltr' id='par_1_13' title="bbox 149 2150 1186 2380">
     <span class='ocr_line' id='line_1_35' title="bbox 153 2150 1185 2208; baseline 0.002 -15"><span class='ocrx_word' id='word_1_228' title='bbox 153 2167 199 2204; x_wconf 91' lang='lat' dir='ltr'>pe</span> <span class='ocrx_word' id='word_1_229' title='bbox 216 2184 228 2204; x_wconf 92' lang='lat'>,</span> <span class='ocrx_word' id='word_1_230' title='bbox 252 2150 290 2205; x_wconf 88' lang='lat' dir='ltr'><em>fi</em></span> <span class='ocrx_word' id='word_1_231' title='bbox 316 2153 420 2195; x_wconf 81' lang='lat' dir='ltr'>heres</span> <span class='ocrx_word' id='word_1_232' title='bbox 439 2150 518 2206; x_wconf 80' lang='lat' dir='ltr'>fit,</span> <span class='ocrx_word' id='word_1_233' title='bbox 546 2150 601 2194; x_wconf 69' lang='lat'>(9²</span> <span class='ocrx_word' id='word_1_234' title='bbox 628 2153 669 2193; x_wconf 81' lang='lat' dir='ltr'>in</span> <span class='ocrx_word' id='word_1_235' title='bbox 687 2151 884 2204; x_wconf 78' lang='lat' dir='ltr'>pupillari</span> <span class='ocrx_word' id='word_1_236' title='bbox 905 2151 1185 2208; x_wconf 75' lang='lat' dir='ltr'>aetatedeceffe-</span> 
     </span>
     <span class='ocr_line' id='line_1_36' title="bbox 150 2207 1186 2267; baseline 0.003 -17"><span class='ocrx_word' id='word_1_237' title='bbox 150 2210 204 2250; x_wconf 84' lang='lat' dir='ltr'>rit</span> <span class='ocrx_word' id='word_1_238' title='bbox 231 2242 242 2262; x_wconf 90' lang='lat'>,</span> <span class='ocrx_word' id='word_1_239' title='bbox 267 2208 450 2252; x_wconf 89' lang='lat' dir='ltr'>censetur</span> <span class='ocrx_word' id='word_1_240' title='bbox 475 2208 600 2251; x_wconf 81' lang='lat' dir='ltr'>etiam</span> <span class='ocrx_word' id='word_1_241' title='bbox 631 2208 752 2251; x_wconf 77' lang='lat' dir='ltr'>tacite</span> <span class='ocrx_word' id='word_1_242' title='bbox 781 2207 1014 2252; x_wconf 76' lang='lat' dir='ltr'>substituisse</span> <span class='ocrx_word' id='word_1_243' title='bbox 1046 2212 1186 2267; x_wconf 85' lang='lat' dir='ltr'>vulga·</span> 
     </span>
     <span class='ocr_line' id='line_1_37' title="bbox 151 2263 1185 2321; baseline 0.005 -15"><span class='ocrx_word' id='word_1_244' title='bbox 151 2266 279 2319; x_wconf 85' lang='lat' dir='ltr'>riter,</span> <span class='ocrx_word' id='word_1_245' title='bbox 313 2282 490 2321; x_wconf 84' lang='lat' dir='ltr'><strong>nempe,</strong></span> <span class='ocrx_word' id='word_1_246' title='bbox 512 2264 551 2318; x_wconf 85' lang='lat' dir='ltr'><em>fi</em></span> <span class='ocrx_word' id='word_1_247' title='bbox 576 2267 681 2308; x_wconf 81' lang='lat' dir='ltr'>heres</span> <span class='ocrx_word' id='word_1_248' title='bbox 705 2263 880 2317; x_wconf 83' lang='lat' dir='ltr'>nonfit:</span> <span class='ocrx_word' id='word_1_249' title='bbox 914 2266 1061 2315; x_wconf 81' lang='lat' dir='ltr'>adeout</span> <span class='ocrx_word' id='word_1_250' title='bbox 1093 2268 1185 2314; x_wconf 86' lang='lat' dir='ltr'>vul-</span> 
     </span>
     <span class='ocr_line' id='line_1_38' title="bbox 149 2322 1184 2380; baseline 0.003 -15"><span class='ocrx_word' id='word_1_251' title='bbox 149 2323 256 2378; x_wconf 84' lang='lat' dir='ltr'>garis</span> <span class='ocrx_word' id='word_1_252' title='bbox 288 2324 464 2378; x_wconf 80' lang='lat' dir='ltr'>expressa</span> <span class='ocrx_word' id='word_1_253' title='bbox 500 2322 746 2378; x_wconf 77' lang='lat' dir='ltr'>pupillarem</span> <span class='ocrx_word' id='word_1_254' title='bbox 769 2322 935 2371; x_wconf 84' lang='lat' dir='ltr'>tacitam</span> <span class='ocrx_word' id='word_1_255' title='bbox 957 2323 1184 2380; x_wconf 88' lang='lat' dir='ltr'>contineat,</span> 
     </span>
    </p>

    <p class='ocr_par' dir='ltr' id='par_1_14' title="bbox 97 2379 1190 2709">
     <span class='ocr_line' id='line_1_39' title="bbox 152 2379 1190 2439; baseline 0.002 -15"><span class='ocrx_word' id='word_1_256' title='bbox 152 2381 194 2424; x_wconf 85' lang='lat'>&amp;</span> <span class='ocrx_word' id='word_1_257' title='bbox 221 2381 398 2435; x_wconf 77' lang='lat' dir='ltr'>expressa</span> <span class='ocrx_word' id='word_1_258' title='bbox 427 2379 639 2436; x_wconf 74' lang='lat' dir='ltr'>pupillaris</span> <span class='ocrx_word' id='word_1_259' title='bbox 664 2379 834 2424; x_wconf 84' lang='lat' dir='ltr'>tacitam</span> <span class='ocrx_word' id='word_1_260' title='bbox 862 2379 1098 2435; x_wconf 82' lang='lat' dir='ltr'>vulgarem.</span> <span class='ocrx_word' id='word_1_261' title='bbox 1125 2383 1190 2439; x_wconf 90' lang='lat' dir='ltr'>[d]</span> 
     </span>
     <span class='ocr_line' id='line_1_40' title="bbox 97 2436 1186 2493; baseline 0.001 -13"><span class='ocrx_word' id='word_1_262' title='bbox 97 2441 103 2447; x_wconf 71' lang='lat'><strong><em>⁴</em></strong></span> <span class='ocrx_word' id='word_1_263' title='bbox 210 2439 300 2480; x_wconf 91' lang='lat' dir='ltr'>Nec</span> <span class='ocrx_word' id='word_1_264' title='bbox 337 2438 463 2483; x_wconf 87' lang='lat' dir='ltr'>solum</span> <span class='ocrx_word' id='word_1_265' title='bbox 498 2438 683 2481; x_wconf 81' lang='lat' dir='ltr'>instituto</span> <span class='ocrx_word' id='word_1_266' title='bbox 715 2437 765 2479; x_wconf 91' lang='lat' dir='ltr'>ab</span> <span class='ocrx_word' id='word_1_267' title='bbox 799 2436 832 2480; x_wconf 92' lang='lat' dir='ltr'>se</span> <span class='ocrx_word' id='word_1_268' title='bbox 864 2437 1004 2493; x_wconf 85' lang='lat' dir='ltr'>Filio,</span> <span class='ocrx_word' id='word_1_269' title='bbox 1037 2439 1096 2483; x_wconf 85' lang='lat' dir='ltr'>sed</span> <span class='ocrx_word' id='word_1_270' title='bbox 1129 2453 1186 2483; x_wconf 88' lang='lat' dir='ltr'>et.</span> 
     </span>
     <span class='ocr_line' id='line_1_41' title="bbox 154 2494 1186 2550; baseline 0.004 -14"><span class='ocrx_word' id='word_1_271' title='bbox 154 2495 236 2537; x_wconf 86' lang='lat' dir='ltr'>iam</span> <span class='ocrx_word' id='word_1_272' title='bbox 271 2495 514 2540; x_wconf 84' lang='lat' dir='ltr'>exheredato</span> <span class='ocrx_word' id='word_1_273' title='bbox 550 2528 562 2550; x_wconf 92' lang='lat'>‚</span> <span class='ocrx_word' id='word_1_274' title='bbox 597 2496 712 2538; x_wconf 88' lang='lat' dir='ltr'>Pater</span> <span class='ocrx_word' id='word_1_275' title='bbox 739 2494 833 2537; x_wconf 87' lang='lat' dir='ltr'>dare</span> <span class='ocrx_word' id='word_1_276' title='bbox 867 2496 1018 2549; x_wconf 89' lang='lat' dir='ltr'>poterit</span> <span class='ocrx_word' id='word_1_277' title='bbox 1051 2497 1186 2540; x_wconf 85' lang='lat' dir='ltr'>substi-</span> 
     </span>
     <span class='ocr_line' id='line_1_42' title="bbox 152 2552 1188 2610; baseline 0.004 -17"><span class='ocrx_word' id='word_1_278' title='bbox 152 2564 327 2605; x_wconf 77' lang='lat' dir='ltr'>tutum3</span> <span class='ocrx_word' id='word_1_279' title='bbox 374 2553 417 2596; x_wconf 87' lang='lat' dir='ltr'>in</span> <span class='ocrx_word' id='word_1_280' title='bbox 458 2553 536 2599; x_wconf 82' lang='lat' dir='ltr'>filii</span> <span class='ocrx_word' id='word_1_281' title='bbox 578 2553 693 2596; x_wconf 88' lang='lat' dir='ltr'>enim</span> <span class='ocrx_word' id='word_1_282' title='bbox 737 2552 1004 2597; x_wconf 88' lang='lat' dir='ltr'>commodum</span> <span class='ocrx_word' id='word_1_283' title='bbox 1038 2554 1143 2597; x_wconf 89' lang='lat' dir='ltr'>cedit</span> <span class='ocrx_word' id='word_1_284' title='bbox 1176 2587 1188 2610; x_wconf 85' lang='lat'>,</span> 
     </span>
     <span class='ocr_line' id='line_1_43' title="bbox 153 2609 1184 2667; baseline 0.005 -16"><span class='ocrx_word' id='word_1_285' title='bbox 153 2620 196 2651; x_wconf 91' lang='lat' dir='ltr'>ut</span> <span class='ocrx_word' id='word_1_286' title='bbox 232 2609 346 2651; x_wconf 85' lang='lat' dir='ltr'>Pater</span> <span class='ocrx_word' id='word_1_287' title='bbox 377 2626 449 2664; x_wconf 88' lang='lat' dir='ltr'>pro</span> <span class='ocrx_word' id='word_1_288' title='bbox 482 2627 529 2659; x_wconf 86' lang='lat' dir='ltr'>eo</span> <span class='ocrx_word' id='word_1_289' title='bbox 563 2610 725 2654; x_wconf 84' lang='lat' dir='ltr'>testetur</span> <span class='ocrx_word' id='word_1_290' title='bbox 747 2641 759 2664; x_wconf 91' lang='lat'>,</span> <span class='ocrx_word' id='word_1_291' title='bbox 791 2624 887 2653; x_wconf 86' lang='lat' dir='ltr'>curn</span> <span class='ocrx_word' id='word_1_292' title='bbox 920 2610 1026 2654; x_wconf 82' lang='lat' dir='ltr'>Filio</span> <span class='ocrx_word' id='word_1_293' title='bbox 1049 2613 1184 2667; x_wconf 86' lang='lat' dir='ltr'>provi-</span> 
     </span>
     <span class='ocr_line' id='line_1_44' title="bbox 157 2666 923 2709; baseline 0.005 -1"><span class='ocrx_word' id='word_1_294' title='bbox 157 2666 249 2708; x_wconf 90' lang='lat' dir='ltr'>dere</span> <span class='ocrx_word' id='word_1_295' title='bbox 282 2666 512 2709; x_wconf 81' lang='lat' dir='ltr'>censeatur.</span> <span class='ocrx_word' id='word_1_296' title='bbox 920 2702 923 2703; x_wconf 15' lang='grc' dir='ltr'><em>γ</em></span> 
     </span>
    </p>

    <p class='ocr_par' dir='ltr' id='par_1_15' title="bbox 137 2722 1187 2839">
     <span class='ocr_line' id='line_1_45' title="bbox 210 2722 1187 2781; baseline 0.006 -18"><span class='ocrx_word' id='word_1_297' title='bbox 210 2722 303 2764; x_wconf 83' lang='lat' dir='ltr'>Nisi</span> <span class='ocrx_word' id='word_1_298' title='bbox 333 2737 471 2766; x_wconf 86' lang='lat' dir='ltr'>autem</span> <span class='ocrx_word' id='word_1_299' title='bbox 505 2725 620 2767; x_wconf 88' lang='lat' dir='ltr'>Pater</span> <span class='ocrx_word' id='word_1_300' title='bbox 665 2725 953 2769; x_wconf 80' lang='lat' dir='ltr'>testamentum</span> <span class='ocrx_word' id='word_1_301' title='bbox 1000 2725 1140 2769; x_wconf 90' lang='lat' dir='ltr'>fecerit</span> <span class='ocrx_word' id='word_1_302' title='bbox 1175 2759 1187 2781; x_wconf 94' lang='lat'>,</span> 
     </span>
     <span class='ocr_line' id='line_1_46' title="bbox 137 2779 1180 2839; baseline 0.003 -14"><span class='ocrx_word' id='word_1_303' title='bbox 137 2779 381 2825; x_wconf 28' lang='lat' dir='ltr'>(substitutio</span> <span class='ocrx_word' id='word_1_304' title='bbox 414 2780 627 2835; x_wconf 78' lang='lat' dir='ltr'>pupillaris</span> <span class='ocrx_word' id='word_1_305' title='bbox 660 2798 743 2825; x_wconf 89' lang='lat' dir='ltr'>non</span> <span class='ocrx_word' id='word_1_306' title='bbox 777 2783 884 2826; x_wconf 81' lang='lat' dir='ltr'>valet</span> <span class='ocrx_word' id='word_1_307' title='bbox 912 2814 920 2823; x_wconf 95' lang='lat'>.</span> <span class='ocrx_word' id='word_1_308' title='bbox 967 2785 1068 2839; x_wconf 82' lang='lat' dir='ltr'>Quae</span> <span class='ocrx_word' id='word_1_309' title='bbox 1100 2785 1180 2828; x_wconf 90' lang='lat' dir='ltr'>sub-</span> 
     </span>
    </p>

    <p class='ocr_par' dir='ltr' id='par_1_16' title="bbox 153 2837 1185 2905">
     <span class='ocr_line' id='line_1_47' title="bbox 153 2837 1185 2905; baseline 0.004 -24"><span class='ocrx_word' id='word_1_310' title='bbox 153 2837 308 2881; x_wconf 79' lang='lat' dir='ltr'>stitutio</span> <span class='ocrx_word' id='word_1_311' title='bbox 340 2837 438 2882; x_wconf 88' lang='lat' dir='ltr'>adeo</span> <span class='ocrx_word' id='word_1_312' title='bbox 469 2839 520 2882; x_wconf 87' lang='lat' dir='ltr'>ab</span> <span class='ocrx_word' id='word_1_313' title='bbox 549 2854 597 2881; x_wconf 88' lang='lat' dir='ltr'>eo</span> <span class='ocrx_word' id='word_1_314' title='bbox 629 2839 870 2887; x_wconf 78' lang='lat' dir='ltr'>testamento</span> <span class='ocrx_word' id='word_1_315' title='bbox 901 2843 1049 2905; x_wconf 85' lang='lat' dir='ltr'>pendet</span> <span class='ocrx_word' id='word_1_316' title='bbox 1080 2874 1092 2897; x_wconf 86' lang='lat'>,</span> <span class='ocrx_word' id='word_1_317' title='bbox 1141 2856 1185 2885; x_wconf 88' lang='lat' dir='ltr'>ut</span> 
     </span>
    </p>
   </div>
   <div class='ocr_carea' id='block_1_13' title="bbox 472 3031 729 3040">
    <p class='ocr_par' dir='ltr' id='par_1_17' title="bbox 472 3031 729 3040">
     <span class='ocr_line' id='line_1_48' title="bbox 472 3031 729 3040; baseline 0 430"><span class='ocrx_word' id='word_1_318' title='bbox 472 3031 729 3040; x_wconf 95' lang='lat' dir='ltr'> </span> 
     </span>
    </p>
   </div>
   <div class='ocr_carea' id='block_1_14' title="bbox 195 3028 1183 3191">
    <p class='ocr_par' dir='ltr' id='par_1_18' title="bbox 195 3028 1183 3191">
     <span class='ocr_line' id='line_1_49' title="bbox 198 3028 1183 3106; baseline 0.003 -14"><span class='ocrx_word' id='word_1_319' title='bbox 198 3064 217 3102; x_wconf 84' lang='lat'>(</span> <span class='ocrx_word' id='word_1_320' title='bbox 230 3063 280 3101; x_wconf 82' lang='lat' dir='ltr'>a)</span> <span class='ocrx_word' id='word_1_321' title='bbox 304 3064 338 3092; x_wconf 88' lang='lat' dir='ltr'>L.</span> <span class='ocrx_word' id='word_1_322' title='bbox 356 3064 423 3102; x_wconf 68' lang='lat' dir='ltr'>jam</span> <span class='ocrx_word' id='word_1_323' title='bbox 452 3065 509 3094; x_wconf 81' lang='lat' dir='ltr'>baec</span> <span class='ocrx_word' id='word_1_324' title='bbox 521 3064 588 3098; x_wconf 78' lang='lat' dir='ltr'>iure</span> <span class='ocrx_word' id='word_1_325' title='bbox 600 3062 639 3106; x_wconf 70' lang='lat' dir='ltr'>ff</span> <span class='ocrx_word' id='word_1_326' title='bbox 652 3066 688 3094; x_wconf 70' lang='lat' dir='ltr'>de</span> <span class='ocrx_word' id='word_1_327' title='bbox 701 3028 1183 3105; x_wconf 47' lang='lat' dir='ltr'><em>vX*——</em></span> 
     </span>
     <span class='ocr_line' id='line_1_50' title="bbox 195 3106 1088 3191; baseline 0.006 -54"><span class='ocrx_word' id='word_1_328' title='bbox 195 3106 278 3191; x_wconf 51' lang='lat'>{53</span> <span class='ocrx_word' id='word_1_329' title='bbox 295 3111 341 3183; x_wconf 55' lang='grc' dir='ltr'>ἰ..</span> <span class='ocrx_word' id='word_1_330' title='bbox 364 3108 422 3148; x_wconf 64' lang='lat' dir='ltr'>secl</span> <span class='ocrx_word' id='word_1_331' title='bbox 441 3108 469 3148; x_wconf 74' lang='lat' dir='ltr'><strong><em>fi</em></strong></span> <span class='ocrx_word' id='word_1_332' title='bbox 489 3118 525 3139; x_wconf 80' lang='grc' dir='ltr'>ιο</span> <span class='ocrx_word' id='word_1_333' title='bbox 550 3110 575 3148; x_wconf 81' lang='lat'>§.</span> <span class='ocrx_word' id='word_1_334' title='bbox 595 3109 636 3140; x_wconf 79' lang='lat' dir='ltr'>ad</span> <span class='ocrx_word' id='word_1_335' title='bbox 656 3107 870 3149; x_wconf 73' lang='lat' dir='ltr'>substitutum</span> <span class='ocrx_word' id='word_1_336' title='bbox 886 3107 928 3152; x_wconf 75' lang='lat' dir='ltr'>ff</span> <span class='ocrx_word' id='word_1_337' title='bbox 945 3110 982 3142; x_wconf 80' lang='lat' dir='ltr'>de</span> <span class='ocrx_word' id='word_1_338' title='bbox 997 3113 1088 3152; x_wconf 79' lang='lat' dir='ltr'>vulg.</span> 
     </span>
    </p>
   </div>
   <div class='ocr_carea' id='block_1_15' title="bbox 323 3163 453 3185">
    <p class='ocr_par' dir='ltr' id='par_1_19' title="bbox 323 3163 453 3185">
     <span class='ocr_line' id='line_1_51' title="bbox 323 3163 453 3185; baseline 0 -1"><span class='ocrx_word' id='word_1_339' title='bbox 323 3165 373 3185; x_wconf 80' lang='grc' dir='ltr'>0ῑο</span> <span class='ocrx_word' id='word_1_340' title='bbox 398 3163 453 3184; x_wconf 66' lang='lat' dir='ltr'>cit.</span> 
     </span>
    </p>
   </div>
   <div class='ocr_carea' id='block_1_16' title="bbox 1213 581 1223 724">
    <p class='ocr_par' dir='ltr' id='par_1_20' title="bbox 1213 581 1223 724">
     <span class='ocr_line' id='line_1_52' title="bbox 1213 581 1223 724; baseline 0 2746"><span class='ocrx_word' id='word_1_341' title='bbox 1213 581 1223 724; x_wconf 95' lang='lat' dir='ltr'> </span> 
     </span>
    </p>
   </div>
   <div class='ocr_carea' id='block_1_17' title="bbox 1213 1157 1220 1314">
    <p class='ocr_par' dir='ltr' id='par_1_21' title="bbox 1213 1157 1220 1314">
     <span class='ocr_line' id='line_1_53' title="bbox 1213 1157 1220 1314; baseline 0 2156"><span class='ocrx_word' id='word_1_342' title='bbox 1213 1157 1220 1314; x_wconf 95' lang='lat' dir='ltr'> </span> 
     </span>
    </p>
   </div>
   <div class='ocr_carea' id='block_1_18' title="bbox 1229 3032 1334 3039">
    <p class='ocr_par' dir='ltr' id='par_1_22' title="bbox 1229 3032 1334 3039">
     <span class='ocr_line' id='line_1_54' title="bbox 1229 3032 1334 3039; baseline 0 0"><span class='ocrx_word' id='word_1_343' title='bbox 1229 3032 1334 3039; x_wconf 95' lang='lat' dir='ltr'> </span> 
     </span>
    </p>
   </div>
   <div class='ocr_carea' id='block_1_19' title="bbox 1241 371 2317 721">
    <p class='ocr_par' dir='ltr' id='par_1_23' title="bbox 1241 371 2317 721">
     <span class='ocr_line' id='line_1_55' title="bbox 1300 371 2267 430; baseline 0.011 -17"><span class='ocrx_word' id='word_1_344' title='bbox 1300 371 1533 425; x_wconf 82' lang='lat' dir='ltr'>Dupliciter</span> <span class='ocrx_word' id='word_1_345' title='bbox 1564 389 1661 417; x_wconf 88' lang='lat' dir='ltr'>vero</span> <span class='ocrx_word' id='word_1_346' title='bbox 1694 375 1909 430; x_wconf 85' lang='lat' dir='ltr'>concipere</span> <span class='ocrx_word' id='word_1_347' title='bbox 1942 374 2267 427; x_wconf 76' lang='lat' dir='ltr'>sublhtutionem</span> 
     </span>
     <span class='ocr_line' id='line_1_56' title="bbox 1247 427 2270 492; baseline 0.012 -23"><span class='ocrx_word' id='word_1_348' title='bbox 1247 427 1492 483; x_wconf 85' lang='lat' dir='ltr'>pupillarem</span> <span class='ocrx_word' id='word_1_349' title='bbox 1525 431 1728 485; x_wconf 80' lang='lat' dir='ltr'>possumus</span> <span class='ocrx_word' id='word_1_350' title='bbox 1754 448 1764 473; x_wconf 89' lang='lat'><strong>:</strong></span> <span class='ocrx_word' id='word_1_351' title='bbox 1815 432 1949 486; x_wconf 88' lang='lat' dir='ltr'>primo</span> <span class='ocrx_word' id='word_1_352' title='bbox 1980 437 2226 488; x_wconf 77' lang='lat' dir='ltr'>generaliter</span> <span class='ocrx_word' id='word_1_353' title='bbox 2256 473 2270 492; x_wconf 86' lang='lat'>,</span> 
     </span>
     <span class='ocr_line' id='line_1_57' title="bbox 1241 485 2317 548; baseline 0.013 -22"><span class='ocrx_word' id='word_1_354' title='bbox 1241 499 1390 538; x_wconf 88' lang='lat' dir='ltr'>nempe</span> <span class='ocrx_word' id='word_1_355' title='bbox 1420 485 1479 528; x_wconf 87' lang='lat' dir='ltr'>ita</span> <span class='ocrx_word' id='word_1_356' title='bbox 1507 503 1517 529; x_wconf 88' lang='lat'>:</span> <span class='ocrx_word' id='word_1_357' title='bbox 1548 487 1746 542; x_wconf 73' lang='lat' dir='ltr'>Qisquis</span> <span class='ocrx_word' id='word_1_358' title='bbox 1778 489 1880 539; x_wconf 79' lang='lat' dir='ltr'>mihi</span> <span class='ocrx_word' id='word_1_359' title='bbox 1909 490 2015 533; x_wconf 83' lang='lat' dir='ltr'>heres</span> <span class='ocrx_word' id='word_1_360' title='bbox 2044 494 2119 535; x_wconf 69' lang='lat' dir='ltr'>eric</span> <span class='ocrx_word' id='word_1_361' title='bbox 2141 527 2153 548; x_wconf 91' lang='lat'>,</span> <span class='ocrx_word' id='word_1_362' title='bbox 2185 512 2271 539; x_wconf 82' lang='lat' dir='ltr'>eum</span> <span class='ocrx_word' id='word_1_363' title='bbox 2314 539 2317 541; x_wconf 87' lang='grc'><strong>,</strong></span> 
     </span>
     <span class='ocr_line' id='line_1_58' title="bbox 1245 542 2272 608; baseline 0.015 -26"><span class='ocrx_word' id='word_1_364' title='bbox 1245 543 1350 584; x_wconf 85' lang='lat' dir='ltr'>Filio</span> <span class='ocrx_word' id='word_1_365' title='bbox 1376 558 1484 596; x_wconf 87' lang='lat' dir='ltr'>meo,</span> <span class='ocrx_word' id='word_1_366' title='bbox 1508 542 1547 603; x_wconf 81' lang='lat' dir='ltr'><em>fi</em></span> <span class='ocrx_word' id='word_1_367' title='bbox 1572 548 1677 587; x_wconf 78' lang='lat' dir='ltr'>heres</span> <span class='ocrx_word' id='word_1_368' title='bbox 1693 544 1775 600; x_wconf 84' lang='lat' dir='ltr'>fit,</span> <span class='ocrx_word' id='word_1_369' title='bbox 1803 546 1859 589; x_wconf 69' lang='lat'>&amp;³</span> <span class='ocrx_word' id='word_1_370' title='bbox 1881 547 2042 591; x_wconf 80' lang='lat' dir='ltr'>decedat</span> <span class='ocrx_word' id='word_1_371' title='bbox 2065 550 2108 591; x_wconf 84' lang='lat' dir='ltr'>in</span> <span class='ocrx_word' id='word_1_372' title='bbox 2133 555 2272 608; x_wconf 72' lang='lat' dir='ltr'>pupil-</span> 
     </span>
     <span class='ocr_line' id='line_1_59' title="bbox 1241 599 2271 656; baseline 0.011 -13"><span class='ocrx_word' id='word_1_373' title='bbox 1241 599 1319 643; x_wconf 83' lang='lat' dir='ltr'>lari</span> <span class='ocrx_word' id='word_1_374' title='bbox 1344 612 1453 642; x_wconf 83' lang='lat' dir='ltr'>aetate</span> <span class='ocrx_word' id='word_1_375' title='bbox 1478 631 1490 653; x_wconf 84' lang='lat'>‚</span> <span class='ocrx_word' id='word_1_376' title='bbox 1525 601 1719 656; x_wconf 84' lang='lat' dir='ltr'>substituo</span> <span class='ocrx_word' id='word_1_377' title='bbox 1745 635 1754 645; x_wconf 93' lang='lat'>.</span> <span class='ocrx_word' id='word_1_378' title='bbox 1797 605 1983 649; x_wconf 86' lang='lat' dir='ltr'>Secundo</span> <span class='ocrx_word' id='word_1_379' title='bbox 2016 609 2271 654; x_wconf 87' lang='lat' dir='ltr'>nominatim</span> 
     </span>
     <span class='ocr_line' id='line_1_60' title="bbox 1241 656 2270 721; baseline 0.014 -24"><span class='ocrx_word' id='word_1_380' title='bbox 1241 671 1389 711; x_wconf 88' lang='lat' dir='ltr'>nempe</span> <span class='ocrx_word' id='word_1_381' title='bbox 1420 656 1479 704; x_wconf 86' lang='lat' dir='ltr'>ita</span> <span class='ocrx_word' id='word_1_382' title='bbox 1507 672 1517 698; x_wconf 91' lang='lat'>:</span> <span class='ocrx_word' id='word_1_383' title='bbox 1568 661 1617 700; x_wconf 73' lang='lat' dir='ltr'>Si</span> <span class='ocrx_word' id='word_1_384' title='bbox 1640 661 1776 703; x_wconf 82' lang='lat' dir='ltr'>Filius</span> <span class='ocrx_word' id='word_1_385' title='bbox 1794 677 1902 705; x_wconf 78' lang='lat' dir='ltr'>meus</span> <span class='ocrx_word' id='word_1_386' title='bbox 1925 663 2032 707; x_wconf 81' lang='lat' dir='ltr'>heres</span> <span class='ocrx_word' id='word_1_387' title='bbox 2058 667 2134 708; x_wconf 80' lang='lat' dir='ltr'>erit</span> <span class='ocrx_word' id='word_1_388' title='bbox 2159 699 2171 721; x_wconf 91' lang='lat'>,</span> <span class='ocrx_word' id='word_1_389' title='bbox 2215 667 2270 711; x_wconf 68' lang='lat'>(9⁴</span> 
     </span>
    </p>
   </div>
   <div class='ocr_carea' id='block_1_20' title="bbox 1214 713 2267 781">
    <p class='ocr_par' dir='ltr' id='par_1_24' title="bbox 1214 713 2267 781">
     <span class='ocr_line' id='line_1_61' title="bbox 1214 713 2267 781; baseline 0.014 -27"><span class='ocrx_word' id='word_1_390' title='bbox 1214 734 1218 738; x_wconf 83' lang='grc'><em>·</em></span> <span class='ocrx_word' id='word_1_391' title='bbox 1242 714 1420 768; x_wconf 81' lang='lat' dir='ltr'>impubes</span> <span class='ocrx_word' id='word_1_392' title='bbox 1442 713 1638 769; x_wconf 72' lang='lat' dir='ltr'>deceffern</span> <span class='ocrx_word' id='word_1_393' title='bbox 1652 748 1663 769; x_wconf 90' lang='lat'>‚</span> <span class='ocrx_word' id='word_1_394' title='bbox 1692 720 1833 762; x_wconf 79' lang='lat' dir='ltr'>Titius</span> <span class='ocrx_word' id='word_1_395' title='bbox 1856 720 1965 763; x_wconf 79' lang='lat' dir='ltr'>heres</span> <span class='ocrx_word' id='word_1_396' title='bbox 1981 720 2053 776; x_wconf 75' lang='lat' dir='ltr'>esto</span> <span class='ocrx_word' id='word_1_397' title='bbox 2068 754 2077 764; x_wconf 93' lang='lat'>.</span> <span class='ocrx_word' id='word_1_398' title='bbox 2111 725 2183 773; x_wconf 78' lang='lat' dir='ltr'>Per</span> <span class='ocrx_word' id='word_1_399' title='bbox 2203 741 2267 781; x_wconf 82' lang='lat' dir='ltr'>ge-</span> 
     </span>
    </p>
   </div>
   <div class='ocr_carea' id='block_1_21' title="bbox 1242 770 2314 899">
    <p class='ocr_par' dir='ltr' id='par_1_25' title="bbox 1242 770 2314 899">
     <span class='ocr_line' id='line_1_62' title="bbox 1242 770 2275 827; baseline 0.015 -15"><span class='ocrx_word' id='word_1_400' title='bbox 1242 770 1425 813; x_wconf 87' lang='lat' dir='ltr'>neralem</span> <span class='ocrx_word' id='word_1_401' title='bbox 1457 771 1788 818; x_wconf 79' lang='lat' dir='ltr'>substitutionem</span> <span class='ocrx_word' id='word_1_402' title='bbox 1821 792 1904 819; x_wconf 88' lang='lat' dir='ltr'>non</span> <span class='ocrx_word' id='word_1_403' title='bbox 1935 780 2104 822; x_wconf 87' lang='lat' dir='ltr'>venient</span> <span class='ocrx_word' id='word_1_404' title='bbox 2134 782 2181 825; x_wconf 90' lang='lat' dir='ltr'>ad</span> <span class='ocrx_word' id='word_1_405' title='bbox 2204 783 2275 827; x_wconf 88' lang='lat' dir='ltr'>he-</span> 
     </span>
     <span class='ocr_line' id='line_1_63' title="bbox 1243 828 2314 899; baseline 0.013 -30"><span class='ocrx_word' id='word_1_406' title='bbox 1243 828 1457 871; x_wconf 84' lang='lat' dir='ltr'>reditatem</span> <span class='ocrx_word' id='word_1_407' title='bbox 1489 828 1712 884; x_wconf 84' lang='lat' dir='ltr'>impuberis</span> <span class='ocrx_word' id='word_1_408' title='bbox 1744 864 1756 886; x_wconf 91' lang='lat'>,</span> <span class='ocrx_word' id='word_1_409' title='bbox 1806 834 1877 878; x_wconf 84' lang='lat' dir='ltr'>nisi</span> <span class='ocrx_word' id='word_1_410' title='bbox 1910 835 1978 889; x_wconf 90' lang='lat' dir='ltr'>qui</span> <span class='ocrx_word' id='word_1_411' title='bbox 2013 837 2146 899; x_wconf 85' lang='lat' dir='ltr'>scri‘pti</span> <span class='ocrx_word' id='word_1_412' title='bbox 2182 842 2272 884; x_wconf 88' lang='lat' dir='ltr'>sunt</span> <span class='ocrx_word' id='word_1_413' title='bbox 2311 850 2314 855; x_wconf 86' lang='lat'>&#39;</span> 
     </span>
    </p>
   </div>
   <div class='ocr_carea' id='block_1_22' title="bbox 1244 886 2345 954">
    <p class='ocr_par' dir='ltr' id='par_1_26' title="bbox 1244 886 2345 954">
     <span class='ocr_line' id='line_1_64' title="bbox 1244 886 2345 954; baseline 0.013 -26"><span class='ocrx_word' id='word_1_414' title='bbox 1244 886 1408 929; x_wconf 85' lang='lat' dir='ltr'>heredes</span> <span class='ocrx_word' id='word_1_415' title='bbox 1464 886 1507 928; x_wconf 91' lang='lat' dir='ltr'>in</span> <span class='ocrx_word' id='word_1_416' title='bbox 1557 888 1798 933; x_wconf 79' lang='lat' dir='ltr'>testamento</span> <span class='ocrx_word' id='word_1_417' title='bbox 1843 893 1971 941; x_wconf 87' lang='lat' dir='ltr'>Patris</span> <span class='ocrx_word' id='word_1_418' title='bbox 2009 910 2021 948; x_wconf 81' lang='lat'>3</span> <span class='ocrx_word' id='word_1_419' title='bbox 2064 911 2149 942; x_wconf 88' lang='lat' dir='ltr'>non</span> <span class='ocrx_word' id='word_1_420' title='bbox 2201 897 2270 954; x_wconf 87' lang='lat' dir='ltr'>qui</span> <span class='ocrx_word' id='word_1_421' title='bbox 2336 898 2345 904; x_wconf 67' lang='lat'>‘</span> 
     </span>
    </p>
   </div>
   <div class='ocr_carea' id='block_1_23' title="bbox 1236 942 2275 2945">
    <p class='ocr_par' dir='ltr' id='par_1_27' title="bbox 1238 942 2275 1352">
     <span class='ocr_line' id='line_1_65' title="bbox 1242 942 2271 1004; baseline 0.013 -20"><span class='ocrx_word' id='word_1_422' title='bbox 1242 958 1312 999; x_wconf 87' lang='lat' dir='ltr'>per</span> <span class='ocrx_word' id='word_1_423' title='bbox 1344 942 1507 996; x_wconf 88' lang='lat' dir='ltr'>scriptos</span> <span class='ocrx_word' id='word_1_424' title='bbox 1560 945 1721 991; x_wconf 80' lang='lat' dir='ltr'>heredes</span> <span class='ocrx_word' id='word_1_425' title='bbox 1765 951 1970 1004; x_wconf 84' lang='lat' dir='ltr'>portiones</span> <span class='ocrx_word' id='word_1_426' title='bbox 2011 951 2271 999; x_wconf 82' lang='lat' dir='ltr'>hereditarias</span> 
     </span>
     <span class='ocr_line' id='line_1_66' title="bbox 1242 1000 2272 1064; baseline 0.012 -21"><span class='ocrx_word' id='word_1_427' title='bbox 1242 1000 1533 1054; x_wconf 82' lang='lat' dir='ltr'>substulerunt,</span> <span class='ocrx_word' id='word_1_428' title='bbox 1567 1003 1692 1046; x_wconf 88' lang='lat' dir='ltr'>veluti</span> <span class='ocrx_word' id='word_1_429' title='bbox 1730 1007 1843 1050; x_wconf 83' lang='lat' dir='ltr'>Pater</span> <span class='ocrx_word' id='word_1_430' title='bbox 1871 1040 1881 1061; x_wconf 86' lang='lat'>,</span> <span class='ocrx_word' id='word_1_431' title='bbox 1918 1009 1985 1063; x_wconf 83' lang='lat' dir='ltr'>qui</span> <span class='ocrx_word' id='word_1_432' title='bbox 2020 1025 2089 1064; x_wconf 89' lang='lat' dir='ltr'>per</span> <span class='ocrx_word' id='word_1_433' title='bbox 2121 1011 2272 1055; x_wconf 85' lang='lat' dir='ltr'>Filium</span> 
     </span>
     <span class='ocr_line' id='line_1_67' title="bbox 1242 1055 2273 1124; baseline 0.013 -26"><span class='ocrx_word' id='word_1_434' title='bbox 1242 1058 1355 1104; x_wconf 84' lang='lat' dir='ltr'>suum</span> <span class='ocrx_word' id='word_1_435' title='bbox 1387 1055 1564 1119; x_wconf 77' lang='lat' dir='ltr'>familias</span> <span class='ocrx_word' id='word_1_436' title='bbox 1596 1060 1786 1106; x_wconf 80' lang='lat' dir='ltr'>heredem</span> <span class='ocrx_word' id='word_1_437' title='bbox 1835 1066 2024 1121; x_wconf 76' lang='lat' dir='ltr'>scriptum</span> <span class='ocrx_word' id='word_1_438' title='bbox 2059 1069 2273 1124; x_wconf 72' lang='lat' dir='ltr'>adquisivit</span> 
     </span>
     <span class='ocr_line' id='line_1_68' title="bbox 1238 1116 2274 1178; baseline 0.015 -24"><span class='ocrx_word' id='word_1_439' title='bbox 1238 1116 1751 1178; x_wconf 35' lang='lat' dir='ltr'>Testatori·s·substituentis</span> <span class='ocrx_word' id='word_1_440' title='bbox 1771 1122 2005 1177; x_wconf 83' lang='lat' dir='ltr'>portionem</span> <span class='ocrx_word' id='word_1_441' title='bbox 2026 1156 2037 1177; x_wconf 88' lang='lat'>,</span> <span class='ocrx_word' id='word_1_442' title='bbox 2055 1126 2127 1169; x_wconf 83' lang='lat' dir='ltr'>nisi</span> <span class='ocrx_word' id='word_1_443' title='bbox 2143 1125 2274 1171; x_wconf 85' lang='lat' dir='ltr'>adhuc</span> 
     </span>
     <span class='ocr_line' id='line_1_69' title="bbox 1239 1171 2272 1237; baseline 0.011 -22"><span class='ocrx_word' id='word_1_444' title='bbox 1239 1171 1529 1215; x_wconf 74' lang='lat' dir='ltr'>filiusfamilias</span> <span class='ocrx_word' id='word_1_445' title='bbox 1553 1174 1770 1229; x_wconf 70' lang='lat' dir='ltr'>adquirens</span> <span class='ocrx_word' id='word_1_446' title='bbox 1804 1192 1967 1223; x_wconf 85' lang='lat' dir='ltr'>maneat</span> <span class='ocrx_word' id='word_1_447' title='bbox 1993 1182 2033 1223; x_wconf 83' lang='lat' dir='ltr'>in</span> <span class='ocrx_word' id='word_1_448' title='bbox 2058 1183 2272 1237; x_wconf 77' lang='lat' dir='ltr'>potestate.</span> 
     </span>
     <span class='ocr_line' id='line_1_70' title="bbox 1239 1228 2275 1294; baseline 0.013 -24"><span class='ocrx_word' id='word_1_449' title='bbox 1239 1231 1354 1272; x_wconf 89' lang='lat' dir='ltr'>Nam</span> <span class='ocrx_word' id='word_1_450' title='bbox 1371 1228 1398 1271; x_wconf 84' lang='lat' dir='ltr'>fi</span> <span class='ocrx_word' id='word_1_451' title='bbox 1416 1228 1461 1271; x_wconf 90' lang='lat' dir='ltr'>de</span> <span class='ocrx_word' id='word_1_452' title='bbox 1478 1231 1668 1292; x_wconf 63' lang='lat' dir='ltr'>patestate</span> <span class='ocrx_word' id='word_1_453' title='bbox 1683 1236 1830 1279; x_wconf 85' lang='lat' dir='ltr'>exierit</span> <span class='ocrx_word' id='word_1_454' title='bbox 1846 1269 1857 1289; x_wconf 89' lang='lat'>,</span> <span class='ocrx_word' id='word_1_455' title='bbox 1885 1237 2117 1291; x_wconf 88' lang='lat' dir='ltr'>portionem</span> <span class='ocrx_word' id='word_1_456' title='bbox 2138 1241 2275 1294; x_wconf 79' lang='lat' dir='ltr'>Pupil·-</span> 
     </span>
     <span class='ocr_line' id='line_1_71' title="bbox 1240 1286 2270 1352; baseline 0.01 -23"><span class='ocrx_word' id='word_1_457' title='bbox 1240 1287 1298 1340; x_wconf 91' lang='lat' dir='ltr'>li,</span> <span class='ocrx_word' id='word_1_458' title='bbox 1331 1286 1686 1343; x_wconf 76' lang='lat' dir='ltr'>cuisublhtuitur,</span> <span class='ocrx_word' id='word_1_459' title='bbox 1720 1292 1818 1346; x_wconf 79' lang='lat' dir='ltr'>fibi,</span> <span class='ocrx_word' id='word_1_460' title='bbox 1852 1309 1933 1336; x_wconf 87' lang='lat' dir='ltr'>non</span> <span class='ocrx_word' id='word_1_461' title='bbox 1953 1295 2058 1337; x_wconf 86' lang='lat' dir='ltr'>Patri</span> <span class='ocrx_word' id='word_1_462' title='bbox 2075 1297 2270 1352; x_wconf 79' lang='lat' dir='ltr'>adquiret.</span> 
     </span>
    </p>

    <p class='ocr_par' dir='ltr' id='par_1_28' title="bbox 1238 1342 2274 1523">
     <span class='ocr_line' id='line_1_72' title="bbox 1298 1342 2274 1410; baseline 0.01 -23"><span class='ocrx_word' id='word_1_463' title='bbox 1298 1345 1354 1388; x_wconf 86' lang='lat' dir='ltr'>Et</span> <span class='ocrx_word' id='word_1_464' title='bbox 1386 1342 1588 1407; x_wconf 41' lang='lat' dir='ltr'>similiter·</span> <span class='ocrx_word' id='word_1_465' title='bbox 1605 1345 1719 1390; x_wconf 89' lang='lat' dir='ltr'>heres</span> <span class='ocrx_word' id='word_1_466' title='bbox 1751 1348 1863 1393; x_wconf 86' lang='lat' dir='ltr'>illius</span> <span class='ocrx_word' id='word_1_467' title='bbox 1910 1352 2064 1396; x_wconf 86' lang='lat' dir='ltr'>heredis</span> <span class='ocrx_word' id='word_1_468' title='bbox 2089 1385 2099 1405; x_wconf 92' lang='lat'>‚</span> <span class='ocrx_word' id='word_1_469' title='bbox 2149 1355 2217 1410; x_wconf 82' lang='lat' dir='ltr'>qui</span> <span class='ocrx_word' id='word_1_470' title='bbox 2250 1354 2274 1397; x_wconf 79' lang='lat' dir='ltr'>a</span> 
     </span>
     <span class='ocr_line' id='line_1_73' title="bbox 1240 1400 2266 1466; baseline 0.011 -22"><span class='ocrx_word' id='word_1_471' title='bbox 1240 1403 1355 1445; x_wconf 80' lang='lat' dir='ltr'>Patre</span> <span class='ocrx_word' id='word_1_472' title='bbox 1388 1400 1467 1444; x_wconf 86' lang='lat' dir='ltr'>fuit</span> <span class='ocrx_word' id='word_1_473' title='bbox 1499 1402 1708 1450; x_wconf 79' lang='lat' dir='ltr'>institutus</span> <span class='ocrx_word' id='word_1_474' title='bbox 1742 1439 1754 1461; x_wconf 82' lang='lat'>,</span> <span class='ocrx_word' id='word_1_475' title='bbox 1798 1408 1901 1451; x_wconf 84' lang='lat' dir='ltr'>nihil</span> <span class='ocrx_word' id='word_1_476' title='bbox 1937 1409 2087 1460; x_wconf 84' lang='lat' dir='ltr'>poterit</span> <span class='ocrx_word' id='word_1_477' title='bbox 2118 1426 2166 1453; x_wconf 85' lang='lat' dir='ltr'>ex</span> <span class='ocrx_word' id='word_1_478' title='bbox 2200 1426 2266 1466; x_wconf 89' lang='lat' dir='ltr'>pu-</span> 
     </span>
     <span class='ocr_line' id='line_1_74' title="bbox 1238 1458 2211 1523; baseline 0.012 -22"><span class='ocrx_word' id='word_1_479' title='bbox 1238 1458 1375 1517; x_wconf 84' lang='lat' dir='ltr'>pillari</span> <span class='ocrx_word' id='word_1_480' title='bbox 1409 1459 1654 1505; x_wconf 86' lang='lat' dir='ltr'>testamento</span> <span class='ocrx_word' id='word_1_481' title='bbox 1684 1477 1821 1523; x_wconf 85' lang='lat' dir='ltr'>petere</span> <span class='ocrx_word' id='word_1_482' title='bbox 1848 1497 1857 1509; x_wconf 89' lang='lat'>.</span> <span class='ocrx_word' id='word_1_483' title='bbox 1907 1461 1988 1517; x_wconf 68' lang='grc' dir='ltr'>(ξ’)</span> <span class='ocrx_word' id='word_1_484' title='bbox 2208 1468 2211 1469; x_wconf 59' lang='grc'>’</span> 
     </span>
    </p>

    <p class='ocr_par' dir='ltr' id='par_1_29' title="bbox 1240 1517 2274 1749">
     <span class='ocr_line' id='line_1_75' title="bbox 1299 1517 2274 1578; baseline 0.009 -18"><span class='ocrx_word' id='word_1_485' title='bbox 1299 1517 1459 1562; x_wconf 88' lang='lat' dir='ltr'>Deinde</span> <span class='ocrx_word' id='word_1_486' title='bbox 1500 1519 1548 1563; x_wconf 88' lang='lat' dir='ltr'>ad</span> <span class='ocrx_word' id='word_1_487' title='bbox 1595 1520 1863 1567; x_wconf 82' lang='lat' dir='ltr'>hereditatem</span> <span class='ocrx_word' id='word_1_488' title='bbox 1899 1522 2048 1578; x_wconf 84' lang='lat' dir='ltr'>Pupilli</span> <span class='ocrx_word' id='word_1_489' title='bbox 2093 1539 2176 1568; x_wconf 90' lang='lat' dir='ltr'>non</span> <span class='ocrx_word' id='word_1_490' title='bbox 2207 1524 2274 1568; x_wconf 84' lang='lat' dir='ltr'>ad-</span> 
     </span>
     <span class='ocr_line' id='line_1_76' title="bbox 1240 1574 2273 1634; baseline 0.009 -18"><span class='ocrx_word' id='word_1_491' title='bbox 1240 1574 1424 1620; x_wconf 77' lang='lat' dir='ltr'>mittitur·</span> <span class='ocrx_word' id='word_1_492' title='bbox 1446 1607 1458 1631; x_wconf 80' lang='lat'>‚</span> <span class='ocrx_word' id='word_1_493' title='bbox 1493 1576 1566 1620; x_wconf 84' lang='lat' dir='ltr'>nisi</span> <span class='ocrx_word' id='word_1_494' title='bbox 1598 1579 1668 1634; x_wconf 87' lang='lat' dir='ltr'>qui</span> <span class='ocrx_word' id='word_1_495' title='bbox 1705 1579 1833 1624; x_wconf 83' lang='lat' dir='ltr'>Patris</span> <span class='ocrx_word' id='word_1_496' title='bbox 1866 1580 2134 1628; x_wconf 85' lang='lat' dir='ltr'>hereditatem</span> <span class='ocrx_word' id='word_1_497' title='bbox 2167 1581 2273 1632; x_wconf 73' lang='lat' dir='ltr'>adje-</span> 
     </span>
     <span class='ocr_line' id='line_1_77' title="bbox 1241 1631 2271 1691; baseline 0.009 -18"><span class='ocrx_word' id='word_1_498' title='bbox 1241 1631 1316 1686; x_wconf 67' lang='lat' dir='ltr'>rit,</span> <span class='ocrx_word' id='word_1_499' title='bbox 1351 1631 1539 1690; x_wconf 86' lang='lat' dir='ltr'>alioquin</span> <span class='ocrx_word' id='word_1_500' title='bbox 1573 1651 1656 1678; x_wconf 86' lang='lat' dir='ltr'>non</span> <span class='ocrx_word' id='word_1_501' title='bbox 1685 1639 2100 1691; x_wconf 75' lang='lat' dir='ltr'>comprehenderetur</span> <span class='ocrx_word' id='word_1_502' title='bbox 2120 1638 2271 1682; x_wconf 81' lang='lat' dir='ltr'>subilla</span> 
     </span>
     <span class='ocr_line' id='line_1_78' title="bbox 1240 1688 2050 1749; baseline 0.006 -17"><span class='ocrx_word' id='word_1_503' title='bbox 1240 1688 1442 1732; x_wconf 86' lang='lat' dir='ltr'>clausula:</span> <span class='ocrx_word' id='word_1_504' title='bbox 1478 1693 1676 1749; x_wconf 70' lang='lat' dir='ltr'>Qgcisquis</span> <span class='ocrx_word' id='word_1_505' title='bbox 1699 1696 1800 1737; x_wconf 76' lang='lat' dir='ltr'>mihi</span> <span class='ocrx_word' id='word_1_506' title='bbox 1823 1696 1928 1738; x_wconf 81' lang='lat' dir='ltr'>heres</span> <span class='ocrx_word' id='word_1_507' title='bbox 1954 1697 2050 1738; x_wconf 82' lang='lat' dir='ltr'>erit.</span> 
     </span>
    </p>

    <p class='ocr_par' dir='ltr' id='par_1_30' title="bbox 1240 1747 2273 1918">
     <span class='ocr_line' id='line_1_79' title="bbox 1301 1747 2273 1811; baseline 0.008 -23"><span class='ocrx_word' id='word_1_508' title='bbox 1301 1747 1493 1792; x_wconf 68' lang='lat' dir='ltr'>Praeterea</span> <span class='ocrx_word' id='word_1_509' title='bbox 1540 1751 1768 1794; x_wconf 80' lang='lat' dir='ltr'>substitutus</span> <span class='ocrx_word' id='word_1_510' title='bbox 1822 1752 2069 1811; x_wconf 80' lang='lat' dir='ltr'>pupillaris,</span> <span class='ocrx_word' id='word_1_511' title='bbox 2119 1753 2186 1795; x_wconf 91' lang='lat' dir='ltr'>sub</span> <span class='ocrx_word' id='word_1_512' title='bbox 2227 1769 2273 1796; x_wconf 89' lang='lat' dir='ltr'>ea</span> 
     </span>
     <span class='ocr_line' id='line_1_80' title="bbox 1240 1802 2272 1865; baseline 0.008 -19"><span class='ocrx_word' id='word_1_513' title='bbox 1240 1802 1420 1848; x_wconf 88' lang='lat' dir='ltr'>clausula</span> <span class='ocrx_word' id='word_1_514' title='bbox 1451 1821 1516 1850; x_wconf 88' lang='lat' dir='ltr'>eas</span> <span class='ocrx_word' id='word_1_515' title='bbox 1547 1824 1596 1852; x_wconf 81' lang='lat' dir='ltr'>ex</span> <span class='ocrx_word' id='word_1_516' title='bbox 1633 1809 1913 1857; x_wconf 78' lang='lat' dir='ltr'>substitutione</span> <span class='ocrx_word' id='word_1_517' title='bbox 1946 1810 2136 1865; x_wconf 87' lang='lat' dir='ltr'>pupillari</span> <span class='ocrx_word' id='word_1_518' title='bbox 2169 1810 2272 1854; x_wconf 82' lang='lat' dir='ltr'>feret</span> 
     </span>
     <span class='ocr_line' id='line_1_81' title="bbox 1243 1866 2097 1918; baseline 0.013 -14"><span class='ocrx_word' id='word_1_519' title='bbox 1243 1876 1401 1917; x_wconf 84' lang='lat' dir='ltr'>partes,</span> <span class='ocrx_word' id='word_1_520' title='bbox 1434 1880 1532 1918; x_wconf 86' lang='lat' dir='ltr'>quas</span> <span class='ocrx_word' id='word_1_521' title='bbox 1565 1866 1708 1909; x_wconf 86' lang='lat' dir='ltr'>habuit</span> <span class='ocrx_word' id='word_1_522' title='bbox 1738 1882 1786 1911; x_wconf 84' lang='lat' dir='ltr'>ex</span> <span class='ocrx_word' id='word_1_523' title='bbox 1822 1867 2097 1915; x_wconf 70' lang='lat' dir='ltr'>institutione,</span> 
     </span>
    </p>

    <p class='ocr_par' dir='ltr' id='par_1_31' title="bbox 1236 1921 2275 2494">
     <span class='ocr_line' id='line_1_82' title="bbox 1299 1921 2275 1973; baseline 0.007 -12"><span class='ocrx_word' id='word_1_524' title='bbox 1299 1921 1358 1962; x_wconf 62' lang='lat' dir='ltr'>In⁴</span> <span class='ocrx_word' id='word_1_525' title='bbox 1387 1921 1665 1973; x_wconf 67' lang='lat' dir='ltr'>substitutione</span> <span class='ocrx_word' id='word_1_526' title='bbox 1697 1937 1835 1969; x_wconf 87' lang='lat' dir='ltr'>autem</span> <span class='ocrx_word' id='word_1_527' title='bbox 1882 1925 2137 1972; x_wconf 79' lang='lat' dir='ltr'>nominatim</span> <span class='ocrx_word' id='word_1_528' title='bbox 2170 1922 2275 1968; x_wconf 54' lang='lat' dir='ltr'>fabia</span> 
     </span>
     <span class='ocr_line' id='line_1_83' title="bbox 1239 1976 2275 2034; baseline 0.007 -16"><span class='ocrx_word' id='word_1_529' title='bbox 1239 1976 1322 2020; x_wconf 83' lang='lat' dir='ltr'>baec</span> <span class='ocrx_word' id='word_1_530' title='bbox 1354 1979 1537 2033; x_wconf 82' lang='lat' dir='ltr'>opposito</span> <span class='ocrx_word' id='word_1_531' title='bbox 1569 1982 1691 2024; x_wconf 85' lang='lat' dir='ltr'>modo</span> <span class='ocrx_word' id='word_1_532' title='bbox 1726 1982 1976 2034; x_wconf 84' lang='lat' dir='ltr'>procedunt.</span> <span class='ocrx_word' id='word_1_533' title='bbox 2011 1984 2124 2024; x_wconf 88' lang='lat' dir='ltr'>Nam</span> <span class='ocrx_word' id='word_1_534' title='bbox 2142 1983 2275 2025; x_wconf 90' lang='lat' dir='ltr'>neces-</span> 
     </span>
     <span class='ocr_line' id='line_1_84' title="bbox 1240 2036 2272 2092; baseline 0.005 -16"><span class='ocrx_word' id='word_1_535' title='bbox 1240 2036 1274 2078; x_wconf 82' lang='lat' dir='ltr'>se</span> <span class='ocrx_word' id='word_1_536' title='bbox 1297 2049 1392 2077; x_wconf 21' lang='lat' dir='ltr'>*non</span> <span class='ocrx_word' id='word_1_537' title='bbox 1423 2037 1476 2078; x_wconf 81' lang='lat' dir='ltr'>est</span> <span class='ocrx_word' id='word_1_538' title='bbox 1503 2068 1515 2090; x_wconf 92' lang='lat'>‚</span> <span class='ocrx_word' id='word_1_539' title='bbox 1558 2051 1600 2080; x_wconf 92' lang='lat' dir='ltr'>ut</span> <span class='ocrx_word' id='word_1_540' title='bbox 1634 2039 1860 2082; x_wconf 86' lang='lat' dir='ltr'>substitutus</span> <span class='ocrx_word' id='word_1_541' title='bbox 1906 2039 1994 2082; x_wconf 83' lang='lat' dir='ltr'>filio</span> <span class='ocrx_word' id='word_1_542' title='bbox 2027 2040 2194 2092; x_wconf 86' lang='lat' dir='ltr'>scriptus</span> <span class='ocrx_word' id='word_1_543' title='bbox 2226 2038 2272 2081; x_wconf 85' lang='lat' dir='ltr'>fit</span> 
     </span>
     <span class='ocr_line' id='line_1_85' title="bbox 1240 2092 2267 2152; baseline 0.005 -19"><span class='ocrx_word' id='word_1_544' title='bbox 1240 2092 1354 2134; x_wconf 84' lang='lat' dir='ltr'>heres</span> <span class='ocrx_word' id='word_1_545' title='bbox 1385 2092 1523 2146; x_wconf 81' lang='lat' dir='ltr'>Patri3</span> <span class='ocrx_word' id='word_1_546' title='bbox 1554 2108 1622 2138; x_wconf 88' lang='lat' dir='ltr'>aut</span> <span class='ocrx_word' id='word_1_547' title='bbox 1654 2096 1680 2143; x_wconf 82' lang='lat' dir='ltr'>fi</span> <span class='ocrx_word' id='word_1_548' title='bbox 1714 2096 1883 2152; x_wconf 82' lang='lat' dir='ltr'>scriptus</span> <span class='ocrx_word' id='word_1_549' title='bbox 1909 2096 1981 2148; x_wconf 84' lang='lat' dir='ltr'>fit,</span> <span class='ocrx_word' id='word_1_550' title='bbox 2016 2096 2165 2145; x_wconf 75' lang='lat' dir='ltr'>necesse</span> <span class='ocrx_word' id='word_1_551' title='bbox 2182 2111 2267 2138; x_wconf 93' lang='lat' dir='ltr'>non</span> 
     </span>
     <span class='ocr_line' id='line_1_86' title="bbox 1238 2148 2270 2209; baseline 0.005 -19"><span class='ocrx_word' id='word_1_552' title='bbox 1238 2148 1359 2192; x_wconf 85' lang='lat' dir='ltr'>habet</span> <span class='ocrx_word' id='word_1_553' title='bbox 1401 2149 1670 2197; x_wconf 86' lang='lat' dir='ltr'>hereditatem</span> <span class='ocrx_word' id='word_1_554' title='bbox 1718 2166 1929 2209; x_wconf 85' lang='lat' dir='ltr'>paternam</span> <span class='ocrx_word' id='word_1_555' title='bbox 1975 2153 2082 2195; x_wconf 84' lang='lat' dir='ltr'>adire</span> <span class='ocrx_word' id='word_1_556' title='bbox 2112 2187 2122 2193; x_wconf 95' lang='lat'>.</span> <span class='ocrx_word' id='word_1_557' title='bbox 2165 2153 2270 2195; x_wconf 84' lang='lat' dir='ltr'>Satis</span> 
     </span>
     <span class='ocr_line' id='line_1_87' title="bbox 1236 2205 2275 2266; baseline 0.001 -18"><span class='ocrx_word' id='word_1_558' title='bbox 1236 2206 1289 2249; x_wconf 85' lang='lat' dir='ltr'>est</span> <span class='ocrx_word' id='word_1_559' title='bbox 1309 2205 1422 2249; x_wconf 85' lang='lat' dir='ltr'>enim</span> <span class='ocrx_word' id='word_1_560' title='bbox 1439 2206 1465 2250; x_wconf 85' lang='lat' dir='ltr'>fi</span> <span class='ocrx_word' id='word_1_561' title='bbox 1481 2220 1696 2266; x_wconf 81' lang='lat' dir='ltr'>utramque</span> <span class='ocrx_word' id='word_1_562' title='bbox 1723 2211 1836 2256; x_wconf 82' lang='lat' dir='ltr'>adeat</span> <span class='ocrx_word' id='word_1_563' title='bbox 1855 2227 1904 2259; x_wconf 79' lang='lat' dir='ltr'>ex</span> <span class='ocrx_word' id='word_1_564' title='bbox 1927 2210 2116 2264; x_wconf 84' lang='lat' dir='ltr'>pupillari</span> <span class='ocrx_word' id='word_1_565' title='bbox 2134 2211 2275 2253; x_wconf 80' lang='lat' dir='ltr'>.Tan-</span> 
     </span>
     <span class='ocr_line' id='line_1_88' title="bbox 1237 2262 2271 2316; baseline 0.006 -12"><span class='ocrx_word' id='word_1_566' title='bbox 1237 2264 1329 2307; x_wconf 87' lang='lat' dir='ltr'>dem</span> <span class='ocrx_word' id='word_1_567' title='bbox 1364 2262 1558 2309; x_wconf 85' lang='lat' dir='ltr'>substituti</span> <span class='ocrx_word' id='word_1_568' title='bbox 1593 2267 1845 2316; x_wconf 83' lang='lat' dir='ltr'>nominatim</span> <span class='ocrx_word' id='word_1_569' title='bbox 1890 2269 2063 2310; x_wconf 83' lang='lat' dir='ltr'>veniunt</span> <span class='ocrx_word' id='word_1_570' title='bbox 2096 2267 2137 2310; x_wconf 91' lang='lat' dir='ltr'>in</span> <span class='ocrx_word' id='word_1_571' title='bbox 2172 2266 2271 2310; x_wconf 88' lang='lat' dir='ltr'>viri-</span> 
     </span>
     <span class='ocr_line' id='line_1_89' title="bbox 1239 2321 2270 2380; baseline 0.005 -17"><span class='ocrx_word' id='word_1_572' title='bbox 1239 2321 1320 2372; x_wconf 85' lang='lat' dir='ltr'>les,</span> <span class='ocrx_word' id='word_1_573' title='bbox 1355 2336 1443 2364; x_wconf 88' lang='lat' dir='ltr'>non·</span> <span class='ocrx_word' id='word_1_574' title='bbox 1474 2323 1516 2366; x_wconf 90' lang='lat' dir='ltr'>in</span> <span class='ocrx_word' id='word_1_575' title='bbox 1550 2337 1678 2380; x_wconf 81' lang='lat' dir='ltr'>partes</span> <span class='ocrx_word' id='word_1_576' title='bbox 1710 2340 1800 2376; x_wconf 80' lang='lat' dir='ltr'>eaS,</span> <span class='ocrx_word' id='word_1_577' title='bbox 1832 2340 1930 2380; x_wconf 85' lang='lat' dir='ltr'>quas</span> <span class='ocrx_word' id='word_1_578' title='bbox 1958 2324 2187 2368; x_wconf 86' lang='lat' dir='ltr'>habuerunt</span> <span class='ocrx_word' id='word_1_579' title='bbox 2219 2340 2270 2368; x_wconf 80' lang='lat' dir='ltr'>ex</span> 
     </span>
     <span class='ocr_line' id='line_1_90' title="bbox 1238 2378 2270 2437; baseline 0.001 -13"><span class='ocrx_word' id='word_1_580' title='bbox 1238 2378 1514 2424; x_wconf 85' lang='lat' dir='ltr'>institutione:</span> <span class='ocrx_word' id='word_1_581' title='bbox 1549 2382 1645 2437; x_wconf 81' lang='lat' dir='ltr'>quia</span> <span class='ocrx_word' id='word_1_582' title='bbox 1679 2381 1930 2437; x_wconf 72' lang='lat' dir='ltr'>singulorum</span> <span class='ocrx_word' id='word_1_583' title='bbox 1965 2383 2270 2427; x_wconf 60' lang='lat' dir='ltr'>nominumex0</span> 
     </span>
     <span class='ocr_line' id='line_1_91' title="bbox 1237 2437 2127 2494; baseline 0.006 -16"><span class='ocrx_word' id='word_1_584' title='bbox 1237 2437 1380 2492; x_wconf 75' lang='lat' dir='ltr'>pressio</span> <span class='ocrx_word' id='word_1_585' title='bbox 1411 2439 1592 2494; x_wconf 84' lang='lat' dir='ltr'>partium</span> <span class='ocrx_word' id='word_1_586' title='bbox 1623 2440 1900 2494; x_wconf 67' lang='lat' dir='ltr'>aequalitatem</span> <span class='ocrx_word' id='word_1_587' title='bbox 1937 2439 2127 2489; x_wconf 74' lang='lat' dir='ltr'>inducit.</span> 
     </span>
    </p>

    <p class='ocr_par' dir='ltr' id='par_1_32' title="bbox 1236 2494 2273 2937">
     <span class='ocr_line' id='line_1_92' title="bbox 1299 2494 2270 2550; baseline 0.004 -16"><span class='ocrx_word' id='word_1_588' title='bbox 1299 2494 1431 2546; x_wconf 82' lang='lat' dir='ltr'>Igitur</span> <span class='ocrx_word' id='word_1_589' title='bbox 1463 2512 1587 2540; x_wconf 90' lang='lat' dir='ltr'>nemo</span> <span class='ocrx_word' id='word_1_590' title='bbox 1620 2496 1875 2548; x_wconf 75' lang='lat' dir='ltr'>substitutum</span> <span class='ocrx_word' id='word_1_591' title='bbox 1907 2497 2060 2540; x_wconf 64' lang='lat' dir='ltr'>diree‘co</span> <span class='ocrx_word' id='word_1_592' title='bbox 2090 2497 2182 2540; x_wconf 86' lang='lat' dir='ltr'>dare</span> <span class='ocrx_word' id='word_1_593' title='bbox 2199 2511 2270 2550; x_wconf 87' lang='lat' dir='ltr'>po-</span> 
     </span>
     <span class='ocr_line' id='line_1_93' title="bbox 1238 2552 2270 2608; baseline 0.004 -16"><span class='ocrx_word' id='word_1_594' title='bbox 1238 2552 1306 2593; x_wconf 82' lang='lat' dir='ltr'>test</span> <span class='ocrx_word' id='word_1_595' title='bbox 1337 2564 1532 2595; x_wconf 80' lang='lat' dir='ltr'>extraneo</span> <span class='ocrx_word' id='word_1_596' title='bbox 1561 2565 1630 2596; x_wconf 86' lang='lat' dir='ltr'>aut</span> <span class='ocrx_word' id='word_1_597' title='bbox 1674 2553 1759 2601; x_wconf 87' lang='lat' dir='ltr'>filio</span> <span class='ocrx_word' id='word_1_598' title='bbox 1810 2554 1989 2608; x_wconf 88' lang='lat' dir='ltr'>puberi,</span> <span class='ocrx_word' id='word_1_599' title='bbox 2036 2555 2094 2597; x_wconf 85' lang='lat' dir='ltr'>sed</span> <span class='ocrx_word' id='word_1_600' title='bbox 2142 2553 2270 2596; x_wconf 84' lang='lat' dir='ltr'>solum</span> 
     </span>
     <span class='ocr_line' id='line_1_94' title="bbox 1239 2607 2272 2669; baseline 0.002 -19"><span class='ocrx_word' id='word_1_601' title='bbox 1239 2607 1364 2661; x_wconf 78' lang='lat' dir='ltr'>Miles</span> <span class='ocrx_word' id='word_1_602' title='bbox 1397 2609 1439 2652; x_wconf 90' lang='lat' dir='ltr'>in</span> <span class='ocrx_word' id='word_1_603' title='bbox 1473 2610 1521 2654; x_wconf 90' lang='lat' dir='ltr'>iis</span> <span class='ocrx_word' id='word_1_604' title='bbox 1564 2623 1729 2655; x_wconf 89' lang='lat' dir='ltr'>tantum</span> <span class='ocrx_word' id='word_1_605' title='bbox 1775 2611 1892 2653; x_wconf 83' lang='lat' dir='ltr'>bonis</span> <span class='ocrx_word' id='word_1_606' title='bbox 1919 2643 1931 2664; x_wconf 87' lang='lat'>,</span> <span class='ocrx_word' id='word_1_607' title='bbox 1979 2626 2065 2669; x_wconf 81' lang='lat' dir='ltr'>quae</span> <span class='ocrx_word' id='word_1_608' title='bbox 2107 2611 2157 2655; x_wconf 90' lang='lat' dir='ltr'>ab</span> <span class='ocrx_word' id='word_1_609' title='bbox 2188 2610 2272 2665; x_wconf 89' lang='lat' dir='ltr'>ipso</span> 
     </span>
     <span class='ocr_line' id='line_1_95' title="bbox 1238 2666 2270 2724; baseline 0 -15"><span class='ocrx_word' id='word_1_610' title='bbox 1238 2666 1379 2710; x_wconf 87' lang='lat' dir='ltr'>Milite</span> <span class='ocrx_word' id='word_1_611' title='bbox 1413 2668 1620 2711; x_wconf 86' lang='lat' dir='ltr'>veniunt.</span> <span class='ocrx_word' id='word_1_612' title='bbox 1664 2668 1745 2722; x_wconf 88' lang='lat' dir='ltr'>(s)</span> <span class='ocrx_word' id='word_1_613' title='bbox 1778 2671 1832 2711; x_wconf 84' lang='lat' dir='ltr'>Et</span> <span class='ocrx_word' id='word_1_614' title='bbox 1865 2669 1941 2716; x_wconf 82' lang='lat' dir='ltr'>five</span> <span class='ocrx_word' id='word_1_615' title='bbox 1971 2684 2041 2724; x_wconf 88' lang='lat' dir='ltr'>per</span> <span class='ocrx_word' id='word_1_616' title='bbox 2074 2683 2270 2722; x_wconf 89' lang='lat' dir='ltr'>compen-</span> 
     </span>
     <span class='ocr_line' id='line_1_96' title="bbox 1236 2724 2271 2780; baseline 0.001 -15"><span class='ocrx_word' id='word_1_617' title='bbox 1236 2724 1349 2766; x_wconf 84' lang='lat' dir='ltr'>dium</span> <span class='ocrx_word' id='word_1_618' title='bbox 1394 2726 1610 2768; x_wconf 82' lang='lat' dir='ltr'>verborum</span> <span class='ocrx_word' id='word_1_619' title='bbox 1646 2758 1652 2764; x_wconf 93' lang='lat'>.</span> <span class='ocrx_word' id='word_1_620' title='bbox 1699 2726 1776 2769; x_wconf 82' lang='lat' dir='ltr'>five</span> <span class='ocrx_word' id='word_1_621' title='bbox 1823 2727 1904 2780; x_wconf 83' lang='lat' dir='ltr'>post</span> <span class='ocrx_word' id='word_1_622' title='bbox 1951 2726 2202 2780; x_wconf 88' lang='lat' dir='ltr'>pubertatem</span> <span class='ocrx_word' id='word_1_623' title='bbox 2235 2724 2271 2767; x_wconf 87' lang='lat' dir='ltr'>ei</span> 
     </span>
     <span class='ocr_line' id='line_1_97' title="bbox 1238 2781 2273 2834; baseline -0.001 -10"><span class='ocrx_word' id='word_1_624' title='bbox 1238 2782 1482 2826; x_wconf 79' lang='lat' dir='ltr'>substituerit</span> <span class='ocrx_word' id='word_1_625' title='bbox 1514 2816 1526 2834; x_wconf 87' lang='lat'>,</span> <span class='ocrx_word' id='word_1_626' title='bbox 1559 2782 1783 2826; x_wconf 85' lang='lat' dir='ltr'>substitutio</span> <span class='ocrx_word' id='word_1_627' title='bbox 1815 2785 1911 2825; x_wconf 89' lang='lat' dir='ltr'>dum</span> <span class='ocrx_word' id='word_1_628' title='bbox 1945 2783 2060 2826; x_wconf 88' lang='lat' dir='ltr'>heres</span> <span class='ocrx_word' id='word_1_629' title='bbox 2091 2784 2169 2825; x_wconf 86' lang='lat' dir='ltr'>erit</span> <span class='ocrx_word' id='word_1_630' title='bbox 2195 2781 2273 2824; x_wconf 91' lang='lat' dir='ltr'>im-</span> 
     </span>
     <span class='ocr_line' id='line_1_98' title="bbox 1238 2839 2272 2937; baseline -0.001 -55"><span class='ocrx_word' id='word_1_631' title='bbox 1238 2841 1385 2894; x_wconf 80' lang='lat' dir='ltr'>pubes,</span> <span class='ocrx_word' id='word_1_632' title='bbox 1422 2841 1573 2883; x_wconf 86' lang='lat' dir='ltr'>valebit</span> <span class='ocrx_word' id='word_1_633' title='bbox 1606 2839 1691 2891; x_wconf 83' lang='lat' dir='ltr'>jure</span> <span class='ocrx_word' id='word_1_634' title='bbox 1725 2840 1940 2883; x_wconf 86' lang='lat' dir='ltr'>communi</span> <span class='ocrx_word' id='word_1_635' title='bbox 1968 2855 1978 2892; x_wconf 87' lang='lat'>·,</span> <span class='ocrx_word' id='word_1_636' title='bbox 2011 2853 2052 2883; x_wconf 88' lang='lat' dir='ltr'>at</span> <span class='ocrx_word' id='word_1_637' title='bbox 2080 2839 2165 2937; x_wconf 61' lang='lat' dir='ltr'>pogt</span> <span class='ocrx_word' id='word_1_638' title='bbox 2200 2854 2272 2892; x_wconf 91' lang='lat' dir='ltr'>pu·</span> 
     </span>
    </p>

    <p class='ocr_par' dir='ltr' id='par_1_33' title="bbox 1697 2899 2264 2945">
     <span class='ocr_line' id='line_1_99' title="bbox 1697 2899 2264 2945; baseline 0.004 -10"><span class='ocrx_word' id='word_1_639' title='bbox 1697 2899 1775 2945; x_wconf 78' lang='lat' dir='ltr'>Ee</span> <span class='ocrx_word' id='word_1_640' title='bbox 1842 2915 1864 2945; x_wconf 74' lang='lat'><em>2</em></span> <span class='ocrx_word' id='word_1_641' title='bbox 2161 2907 2264 2938; x_wconf 74' lang='lat' dir='ltr'>erta-</span> 
     </span>
    </p>
   </div>
   <div class='ocr_carea' id='block_1_24' title="bbox 2056 3030 2270 3040">
    <p class='ocr_par' dir='ltr' id='par_1_34' title="bbox 2056 3030 2270 3040">
     <span class='ocr_line' id='line_1_100' title="bbox 2056 3030 2270 3040; baseline -0.014 0"><span class='ocrx_word' id='word_1_642' title='bbox 2056 3030 2270 3040; x_wconf 79' lang='lat'><em>.-———.——-</em></span> 
     </span>
    </p>
   </div>
   <div class='ocr_carea' id='block_1_25' title="bbox 1947 3033 2052 3040">
    <p class='ocr_par' dir='ltr' id='par_1_35' title="bbox 1947 3033 2052 3040">
     <span class='ocr_line' id='line_1_101' title="bbox 1947 3033 2052 3040; baseline 0 0"><span class='ocrx_word' id='word_1_643' title='bbox 1947 3033 2052 3040; x_wconf 95' lang='lat' dir='ltr'> </span> 
     </span>
    </p>
   </div>
   <div class='ocr_carea' id='block_1_26' title="bbox 1657 3032 1732 3045">
    <p class='ocr_par' dir='ltr' id='par_1_36' title="bbox 1657 3032 1732 3045">
     <span class='ocr_line' id='line_1_102' title="bbox 1657 3032 1732 3045; baseline 0 0"><span class='ocrx_word' id='word_1_644' title='bbox 1657 3032 1732 3045; x_wconf 68' lang='lat' dir='ltr'>——v</span> 
     </span>
    </p>
   </div>
   <div class='ocr_carea' id='block_1_27' title="bbox 1231 3042 2272 3198">
    <p class='ocr_par' dir='ltr' id='par_1_37' title="bbox 1231 3042 2272 3198">
     <span class='ocr_line' id='line_1_103' title="bbox 1274 3042 2272 3110; baseline -0.003 -14"><span class='ocrx_word' id='word_1_645' title='bbox 1274 3065 1294 3103; x_wconf 71' lang='grc' dir='ltr'>ζ,</span> <span class='ocrx_word' id='word_1_646' title='bbox 1308 3075 1324 3096; x_wconf 83' lang='lat' dir='ltr'>e</span> <span class='ocrx_word' id='word_1_647' title='bbox 1339 3063 1365 3103; x_wconf 55' lang='lat'>&gt;¹</span> <span class='ocrx_word' id='word_1_648' title='bbox 1383 3068 1420 3098; x_wconf 86' lang='lat'>1..</span> <span class='ocrx_word' id='word_1_649' title='bbox 1455 3075 1480 3102; x_wconf 83' lang='lat'>3-</span> <span class='ocrx_word' id='word_1_650' title='bbox 1499 3067 1522 3097; x_wconf 84' lang='grc' dir='ltr'>Ι.</span> <span class='ocrx_word' id='word_1_651' title='bbox 1538 3068 1566 3097; x_wconf 89' lang='grc'>8,</span> <span class='ocrx_word' id='word_1_652' title='bbox 1585 3066 1614 3105; x_wconf 79' lang='lat'>§.</span> <span class='ocrx_word' id='word_1_653' title='bbox 1634 3077 1660 3096; x_wconf 89' lang='lat'>1.</span> <span class='ocrx_word' id='word_1_654' title='bbox 1673 3064 1713 3108; x_wconf 72' lang='lat' dir='ltr'>ff</span> <span class='ocrx_word' id='word_1_655' title='bbox 1730 3067 1768 3097; x_wconf 80' lang='lat' dir='ltr'>de</span> <span class='ocrx_word' id='word_1_656' title='bbox 1782 3042 1876 3108; x_wconf 68' lang='lat' dir='ltr'>vialg.</span> <span class='ocrx_word' id='word_1_657' title='bbox 1891 3069 1975 3110; x_wconf 58' lang='lat' dir='ltr'>vQD-</span> <span class='ocrx_word' id='word_1_658' title='bbox 1994 3076 2103 3097; x_wconf 83' lang='lat' dir='ltr'>comm.</span> <span class='ocrx_word' id='word_1_659' title='bbox 2121 3067 2141 3095; x_wconf 83' lang='lat' dir='ltr'>l.</span> <span class='ocrx_word' id='word_1_660' title='bbox 2165 3064 2272 3095; x_wconf 80' lang='lat' dir='ltr'>Filio-</span> 
     </span>
     <span class='ocr_line' id='line_1_104' title="bbox 1231 3107 1933 3152; baseline 0.001 -14"><span class='ocrx_word' id='word_1_661' title='bbox 1231 3107 1358 3152; x_wconf 38' lang='lat' dir='ltr'>:hm-ff:</span> <span class='ocrx_word' id='word_1_662' title='bbox 1376 3112 1400 3142; x_wconf 85' lang='lat'>1.</span> <span class='ocrx_word' id='word_1_663' title='bbox 1422 3120 1445 3141; x_wconf 89' lang='lat'>1.</span> <span class='ocrx_word' id='word_1_664' title='bbox 1467 3114 1569 3141; x_wconf 72' lang='lat' dir='ltr'>Dmr.</span> <span class='ocrx_word' id='word_1_665' title='bbox 1586 3112 1623 3141; x_wconf 72' lang='lat' dir='ltr'>dc</span> <span class='ocrx_word' id='word_1_666' title='bbox 1654 3113 1745 3150; x_wconf 67' lang='lat' dir='ltr'>vulg.</span> <span class='ocrx_word' id='word_1_667' title='bbox 1763 3122 1786 3142; x_wconf 85' lang='lat' dir='ltr'>c.</span> <span class='ocrx_word' id='word_1_668' title='bbox 1811 3121 1858 3148; x_wconf 71' lang='lat'>14.</span> <span class='ocrx_word' id='word_1_669' title='bbox 1927 3123 1933 3129; x_wconf 90' lang='lat'><em>·</em></span> 
     </span>
     <span class='ocr_line' id='line_1_105' title="bbox 1273 3149 2271 3198; baseline -0.004 -12"><span class='ocrx_word' id='word_1_670' title='bbox 1273 3154 1291 3193; x_wconf 71' lang='lat' dir='ltr'>C</span> <span class='ocrx_word' id='word_1_671' title='bbox 1308 3165 1321 3185; x_wconf 84' lang='lat' dir='ltr'>e</span> <span class='ocrx_word' id='word_1_672' title='bbox 1337 3154 1356 3193; x_wconf 89' lang='grc'>’)</span> <span class='ocrx_word' id='word_1_673' title='bbox 1383 3157 1419 3187; x_wconf 88' lang='lat' dir='ltr'>L.</span> <span class='ocrx_word' id='word_1_674' title='bbox 1440 3165 1467 3194; x_wconf 78' lang='lat'>5.</span> <span class='ocrx_word' id='word_1_675' title='bbox 1492 3153 1638 3198; x_wconf 75' lang='lat' dir='ltr'>Mtlcsff</span> <span class='ocrx_word' id='word_1_676' title='bbox 1657 3155 1695 3187; x_wconf 71' lang='lat' dir='ltr'>de</span> <span class='ocrx_word' id='word_1_677' title='bbox 1709 3155 1819 3189; x_wconf 71' lang='lat' dir='ltr'>Milic.</span> <span class='ocrx_word' id='word_1_678' title='bbox 1840 3152 1907 3194; x_wconf 64' lang='lat' dir='ltr'>rest.</span> <span class='ocrx_word' id='word_1_679' title='bbox 1924 3155 1947 3186; x_wconf 84' lang='grc' dir='ltr'>Ι.</span> <span class='ocrx_word' id='word_1_680' title='bbox 1964 3154 2106 3188; x_wconf 72' lang='lat' dir='ltr'>canturio</span> <span class='ocrx_word' id='word_1_681' title='bbox 2124 3162 2173 3192; x_wconf 79' lang='lat'>13.</span> <span class='ocrx_word' id='word_1_682' title='bbox 2191 3149 2271 3195; x_wconf 75' lang='lat' dir='ltr'>ffde</span> 
     </span>
    </p>
   </div>
   <div class='ocr_carea' id='block_1_28' title="bbox 1736 3034 1945 3042">
    <p class='ocr_par' dir='ltr' id='par_1_38' title="bbox 1736 3034 1945 3042">
     <span class='ocr_line' id='line_1_106' title="bbox 1736 3034 1945 3042; baseline 0 428"><span class='ocrx_word' id='word_1_683' title='bbox 1736 3034 1945 3042; x_wconf 95' lang='lat' dir='ltr'> </span> 
     </span>
    </p>
   </div>
   <div class='ocr_carea' id='block_1_29' title="bbox 188 3191 1322 3242">
    <p class='ocr_par' dir='ltr' id='par_1_39' title="bbox 188 3191 1322 3242">
     <span class='ocr_line' id='line_1_107' title="bbox 188 3191 1322 3242; baseline 0.003 -14"><span class='ocrx_word' id='word_1_684' title='bbox 188 3191 196 3199; x_wconf 81' lang='grc'><em>’</em></span> <span class='ocrx_word' id='word_1_685' title='bbox 238 3205 266 3223; x_wconf 59' lang='grc' dir='ltr'>κ»</span> <span class='ocrx_word' id='word_1_686' title='bbox 304 3206 338 3229; x_wconf 56' lang='grc' dir='ltr'>ι.</span> <span class='ocrx_word' id='word_1_687' title='bbox 359 3210 407 3239; x_wconf 81' lang='lat'>14·</span> <span class='ocrx_word' id='word_1_688' title='bbox 423 3197 459 3242; x_wconf 75' lang='lat' dir='ltr'>ff</span> <span class='ocrx_word' id='word_1_689' title='bbox 477 3198 515 3231; x_wconf 80' lang='lat' dir='ltr'>de</span> <span class='ocrx_word' id='word_1_690' title='bbox 527 3200 620 3240; x_wconf 69' lang='lat' dir='ltr'>vulg.</span> <span class='ocrx_word' id='word_1_691' title='bbox 633 3198 670 3231; x_wconf 62' lang='grc' dir='ltr'>Θ</span> <span class='ocrx_word' id='word_1_692' title='bbox 685 3200 707 3232; x_wconf 85' lang='grc' dir='ltr'>Ι.</span> <span class='ocrx_word' id='word_1_693' title='bbox 722 3201 794 3238; x_wconf 80' lang='lat' dir='ltr'>4.C.</span> <span class='ocrx_word' id='word_1_694' title='bbox 809 3199 847 3233; x_wconf 80' lang='lat' dir='ltr'>de</span> <span class='ocrx_word' id='word_1_695' title='bbox 860 3199 980 3242; x_wconf 67' lang='lat' dir='ltr'>imp-&lt;9⁸</span> <span class='ocrx_word' id='word_1_696' title='bbox 992 3196 1175 3242; x_wconf 73' lang='lat' dir='ltr'>aliissubss.</span> <span class='ocrx_word' id='word_1_697' title='bbox 1231 3200 1322 3242; x_wconf 76' lang='lat' dir='ltr'>vulg.</span> 
     </span>
    </p>
   </div>
  </div>
 </body>
</html>
