2451 3470
641 103 1743 158 ORATIONES.

2182 123 2287 178 ¹¹5

100 219 103 221 .
143 175 476 222 commendatam
509 174 785 228 abjiciemus?
815 178 992 222 minime
1024 177 1062 222 id
1093 178 1181 234 qui·
1229 179 1305 222 liae
1349 178 1455 221 resta
1505 177 1711 225 differendi
1751 173 2041 237 consuetudine
2072 193 2190 225 mens
2217 182 2279 225 as.

135 236 255 278 dem.
289 233 488 286 Etenim,
519 248 723 290 utcunque
757 237 864 292 spem
886 234 1090 280 frustretur
1105 250 1177 277 no·
1233 234 1382 280 suescat
1418 234 1572 289 semper
1601 233 1775 276 infistere
1811 230 1930 285 ipsius
1964 235 2078 277 rebus
2096 268 2116 299 ἡ,
2157 250 2278 297 atque

136 292 255 336 ssram
277 322 291 344 ‚
324 291 442 336 haud*
461 304 602 334 tamen
635 292 800 350 indigna
824 293 904 346 est,
937 292 1000 336 cui
1023 303 1178 345 partem

59 349 80 385 ⁶-
135 349 318 405 aliquam
348 347 424 393 otii
457 348 579 393 nostri
612 349 839 392 tribuamus
869 349 1043 402 ,-trium
1077 347 1177 390 scili—

134 407 237 458 cet,
268 417 339 448 aut
369 417 543 460 quatuor
574 406 775 450 mensium
806 406 1031 451 exercendo
1053 420 1178 468 ‘expe—

136 462 364 516 diendoque
395 461 563 516 ingenio
594 494 607 516 ‚
640 477 685 506 ut
715 462 1018 506 consuescamus
1050 473 1177 505 intro-

135 520 312 578 spicere,
346 535 391 562 ac
425 534 510 562 rem
544 520 708 565 volvere
741 535 903 577 quoquo
937 519 1096 566 versum
1114 534 1181 573 per

135 592 268 633 partes
297 576 341 619 δε
372 591 519 632 genera
547 593 563 618 .·
612 577 838 620 dummodo
867 576 1180 620 meminerimus

133 635 297 686 hujusce
330 633 438 677 artis
469 632 641 677 studium
677 648 761 679 non
795 633 884 686 sua,
919 634 978 677 sed
1001 633 1175 677 aliarum

131 692 414 737 doctrinarum
449 689 563 732 causa
597 689 895 745 suscipiendum
927 689 999 733 esse
1028 708 1037 732 :
1091 706 1142 733 ne
1170 721 1183 742 ‚

137 749 235 792 dum
269 747 588 791 instrumentum
622 746 850 789 excolimus
878 778 890 800 ‚
924 762 1036 791 more
1069 747 1182 791 scho-

132 805 363 849 lasticorum
407 802 538 857 ipsum
572 802 866 845 obliviscamur
897 819 996 858 opus
1027 835 1038 847 .
1072 804 1182 846 Illud

129 862 258 907 etiam
296 874 349 902 no
366 857 428 901 bis
458 857 764 915 persuadeamus
795 873 958 916 oportet
980 891 992 915 ‚
1025 875 1113 917 quae
1128 859 1167 903 fa

131 918 274 964 ciliora
317 915 411 959 sunt
443 913 562 972 hujus
593 916 720 970 artis,
752 928 871 971 atque
889 917 1103 972 breviora,
1136 932 1182 961 ea

133 976 221 1020 usus
250 972 326 1018 esse
357 970 524 1029 majoris
544 1003 557 1026 ‚
589 973 882 1030 caveamusque
909 1005 922 1028 ‚
954 990 1006 1019 ne
1036 990 1181 1031 pueros

129 1032 178 1076 ad
211 1028 440 1074 fallendum
470 1029 513 1073 &
544 1027 882 1073 calumniandum
920 1063 932 1084 ,
965 1032 1087 1087 inque
1119 1047 1179 1075 re-

101 1134 105 1137 ,
131 1089 203 1133 bus
236 1087 453 1143 perspicuis
485 1087 702 1133 rixandum
735 1087 1045 1136 assuefaciamus
1074 1120 1090 1143 ‚
1138 1101 1182 1132 ut

133 1146 230 1201 saepe
265 1145 374 1189 inter
405 1142 620 1200 discipulos
651 1145 943 1190 vtenebrionum
961 1145 1178 1193 usuvenit:

128 1204 230 1260 qui,
265 1202 360 1244 dum
395 1199 531 1256 inepte
554 1233 566 1254 ,
600 1218 646 1244 ac
680 1201 837 1245 summa
869 1219 963 1246 cum
981 1204 1174 1258 patrimo-

134 1261 300 1302 niorum
347 1257 501 1309 jethira
553 1258 736 1314 garriunt
770 1259 812 1302 in
845 1260 962 1303 circis
985 1260 1028 1303 δε
1055 1260 1182 1316 crqci-

130 1329 249 1369 tant,
284 1330 354 1370 pro
381 1315 568 1358 liter-ariis
601 1316 968 1360 exercitationibus
983 1317 1180 1360 exhibent

131 1373 286 1429 populo
319 1371 532 1414 deridenda
567 1372 785 1426 spectacula
806 1405 819 1428 ,
850 1376 1013 1430 perinde
1046 1374 1138 1422 acfi
1161 1391 1181 1417 e

130 1430 270 1487 plausu
295 1429 506 1475 stultorum
527 1429 781 1475 AEdilitatern
796 1462 808 1483 ‚
843 1445 911 1476 aut
933 1432 1151 1488 Praeturam
1169 1464 1181 1486 ,

129 1500 198 1530 aut
232 1486 339 1541 spem
373 1484 621 1528 Consulatus
654 1487 910 1543 assequantur
939 1521 948 1531 .
997 1491 1184 1544 Quamo-.

129 1545 242 1587 brem
278 1542 588 1598 prudentissime
623 1544 740 1591 Plato
774 1561 856 1588 non
892 1558 987 1590 ante
1020 1562 1179 1589 annum

129 1599 384 1656 trigesimum
408 1631 420 1653 ‚
454 1601 664 1656 postquam
698 1601 823 1657 longo
857 1603 925 1646 usu
939 1619 1009 1659 per
1028 1604 1179 1648 bonam

128 1657 412 1703 educationem
457 1658 628 1702 virtutes
682 1657 925 1703 imbiberint
957 1660 1179 1710 hominm,

130 1728 247 1760 caute
291 1728 410 1770 atque
462 1730 578 1769 parce
629 1714 854 1764 Dialeffica
888 1718 1070 1772 praecipit
1103 1719 1181 1761 im-

131 1772 309 1817 buendos
335 1803 347 1824 ‚
392 1786 441 1814 ne
484 1772 675 1815 acumine
723 1774 789 1817 suo
822 1773 893 1817 fibi
928 1775 1182 1820 blandientes

129 1843 397 1873 exerceantur
438 1842 581 1872 contra
631 1828 823 1880 justitiam
857 1831 899 1874 ὃ(
932 1832 1181 1878 veritatem.

127 1887 299 1933 Etenim
316 1917 328 1938 ‚
346 1885 404 1928 ait
420 1917 430 1934 ,
444 1886 732 1930 adolescentuli
749 1886 1038 1944 disputationes
1055 1890 1180 1943 degu-

131 1944 277 1987 stantes
306 1942 353 1986 iis
385 1941 512 1990 veluti
544 1958 613 1999 per
628 1943 760 1990 lusum
782 1945 823 1988 in
845 1946 1069 1992 contrarias
1087 1962 1182 2004 par·

131 2013 190 2045 tes
222 2012 391 2043 utuntur
421 2031 434 2055 ‚
477 1999 657 2049 invicem
692 2001 727 2045 se
758 2003 1039 2058 redarguentes
1073 2035 1085 2057 ‚
1135 2020 1182 2047 ac

130 2071 331 2113 tanquam
362 2055 489 2101 catuli
522 2058 761 2113 proximum
796 2075 997 2116 quemque
1026 2060 1095 2103 fibi
1118 2060 1176 2103 di-

132 2115 380 2168 strahentes,
411 2130 456 2158 ae
490 2114 671 2159 sermone
706 2116 772 2160 suo
806 2117 1055 2170 lacerantes;
1090 2117 1179 2161 ideo

132 2188 220 2216 non
252 2188 274 2215 a
307 2171 498 2214 senticeto
531 2170 850 2228 labyrinthoque
873 2174 1101 2221 scholarum
1116 2190 1178 2231 ars

134 2229 202 2274 ista
236 2229 405 2286 petenda
429 2259 440 2281 ‚
474 2228 532 2271 sed
550 2245 570 2271 a
588 2229 812 2278 candidiori
832 2231 973 2287 aliquo
989 2232 1180 2288 cultoque

131 2286 324 2342 scriptore
346 2318 356 2337 ,
388 2284 459 2341 qui
492 2301 606 2329 more
641 2300 824 2331 veterum
856 2303 947 2333 eam
979 2288 1180 2345 eleganti-

133 2343 206 2388 bus
236 2343 369 2386 verbis
389 2373 400 2395 ‚
432 2358 478 2384 ac
513 2343 673 2397 Latinis
704 2343 839 2399 potius
871 2377 883 2398 ‚
932 2362 1058 2401 quam
1089 2348 1176 2390 Go-

133 2400 256 2444 thicis
276 2431 288 2454 ,
318 2400 360 2443 &
394 2398 583 2442 Arabicis
599 2400 794 2454 vocibus,
823 2402 962 2457 quales
983 2419 1092 2447 nunc
1107 2402 1180 2446 ha-

132 2457 274 2500 bemus
295 2489 307 2510 ,
338 2455 580 2510 explicarit,
606 2458 824 2514 utingenti
841 2459 1065 2503 cumlaude
1084 2459 1181 2505 fecit

133 2513 354 2566 Grosciu53
384 2514 454 2568 qui
489 2514 552 2557 sua
586 2516 629 2558 in
662 2516 945 2560 Dialeetica&
967 2533 1098 2561 rerum
1114 2518 1179 2561 de·

134 2569 284 2614 leRum
315 2570 458 2613 habuit
490 2571 876 2621 &vocabulorum,
909 2590 995 2631 quae
1009 2575 1054 2617 de
1070 2574 1181 2618 Tul-

134 2626 256 2671 lianis
288 2626 468 2670 fontibus
501 2628 629 2672 hausit
656 2646 736 2673 una
761 2646 855 2674 cum
871 2632 1102 2687 exemplis,
1132 2631 1180 2675 ad

133 2684 308 2740 singulas
341 2683 575 2727 Dialefficae
608 2687 766 2741 regulas
798 2690 1118 2733 accommodatis
1141 2721 1149 2732 .

190 2743 305 2784 Cum
338 2753 473 2783 autem
512 2742 737 2788 Dialefitica
769 2746 1032 2789 emendandae
1061 2743 1189 2790 men-i

133 2797 167 2842 ti
199 2798 450 2854 potissimum
481 2798 630 2843 studere
662 2801 828 2855 debeat,
861 2815 968 2846 certe
987 2805 1179 2848 omnium

135 2855 216 2900 hoc
267 2855 424 2909 op'time
480 2856 721 2903 Geometria
769 2859 990 2912 praestiterit
1032 2893 1044 2913 ‚
1092 2876 1180 2916 quae

133 2924 295 2957 mentes
323 2912 463 2954 ordine
495 2926 606 2955 certo
637 2929 659 2955 a
692 2915 808 2958 certis
838 2932 995 2972 quoque
1025 2918 1136 2962 ducit
1160 2949 1172 2971 ‚

122 2968 457 3024 simplicibusque
492 2969 701 3025 principiis
729 3001 740 3022 ‚
786 2973 888 3015 unde
921 2975 1082 3018 obscure
1115 2975 1177 3017 di-

136 3025 305 3070 luu'ntur
341 3058 354 3079 ,
408 3025 670 3082 dissolutaque
727 3043 1032 3082 componuntur
1066 3063 1078 3085 ‚
1134 3032 1178 3074 ὃς

138 3083 364 3139 composita
415 3083 461 3127 in
507 3085 590 3127 suas
630 3083 881 3132 dirimuntur
923 3100 1097 3142 partes,
1132 3101 1177 3132 ut

1197 3021 1201 3042 l

1198 3046 1202 3060 t

1190 3067 1205 3177 l

1233 293 1287 336 ita
1339 291 1477 334 omnis
1526 290 1727 346 cogitatio
1764 289 1957 346 seriesque
1988 306 2125 335 omnis
2155 311 2278 351 argu-

1232 360 1469 392 mentorum
1515 347 1798 404 progrediatur
1840 361 1860 387 a
1895 347 1997 389 veris
2032 378 2044 399 ‚
2087 349 2130 393 &
2163 367 2278 395 mens

1230 417 1353 449 exuat
1399 405 1468 448 sibi
1523 405 1664 448 senfim
1706 402 1812 460 quod
1859 417 1879 445 e
1923 403 2082 461 vulgari
2129 406 2278 458 judicio

1233 475 1387 506 temere
1419 477 1466 505 ac
1496 461 1614 506 stulte
1645 472 1913 518 conceperat,
1946 477 2075 517 neque
2092 464 2279 518 deinceps

1233 520 1463 573 admittat,
1514 519 1588 563 nisi
1638 520 1743 577 quod
1776 518 1917 561 ordine
1950 519 2023 565 illo
2054 525 2279 576 expensum

1235 575 1356 619 suerit
1387 576 1430 620 &
1461 576 1749 631 exploratum:
1785 576 1889 620 unde
1921 577 1997 622 hac
2018 593 2097 625 una
2114 580 2280 624 scientia

1235 646 1390 676 veteres
1419 631 1543 677 facile
1570 646 1810 677 retexuntur
1822 649 1975 679 errores
1990 636 2168 695 novique
2181 653 2281 695 ptae-

1234 702 1432 732 caventur
1465 721 1474 732 .
1527 692 1674 747 Neque
1706 691 1818 734 enim
1851 693 2092 738 Geometria
2124 697 2165 738 in
2200 694 2280 739 sola

1233 745 1468 802 quantitate
1499 747 1706 800 vertitur,
1742 749 1801 793 sed
1832 749 1875 792 in
1910 751 2024 794 rebus
2056 752 2277 807 omnibus,

1233 819 1322 859 quae
1354 803 1496 848 ordine
1528 805 1781 860 geometrico
1809 808 2127 864 pertraRantur.
2160 810 2278 855 Nam

1233 860 1465 905 affefflones
1519 863 1760 918 quantitatis
1810 865 1986 910 minime
2027 868 2280 912 Geometriae

1238 916 1505 970 subjiciuntur
1549 932 1744 978 tanquam
1792 922 1960 967 unicum
2005 924 2118 969 illius
2148 940 2276 981 opus,

1225 975 1293 1018 -sed
1313 989 1510 1033 tanquam
1529 977 1716 1033 exempla
1737 978 1908 1024 clariora
1938 981 1980 1025 &
1996 981 2241 1039 simpliciora
2262 1014 2276 1037 ‚

1231 1033 1273 1076 in
1321 1033 1467 1089 quibus
1499 1034 1735 1078 Matheseos
1768 1038 1935 1091 potestas
1966 1041 2096 1096 magis
2129 1040 2280 1097 perspi-

1231 1104 1305 1133 cua
1337 1091 1520 1134 cernitur
1540 1123 1552 1144 ‚
1584 1105 1726 1147 utpote
1759 1109 1932 1149 quarum
1966 1099 2083 1141 notio
2113 1098 2164 1141 ab
2197 1098 2278 1157 ipsa

1234 1159 1376 1190 natura
1409 1149 1615 1192 mentibus
1647 1150 1932 1204 imprimitur.
1965 1154 2163 1199 Ceterum
2199 1172 2275 1199 un-

1230 1205 1439 1260 decunque
1472 1205 1755 1250 ratiocinando
1787 1208 1845 1252 ita
1879 1213 2160 1267 progredimur
2189 1246 2201 1266 ,
2234 1223 2280 1257 ut

1230 1277 1251 1305 e
1284 1264 1393 1306 notis
1424 1262 1863 1318 ignota·devolvamus
1887 1299 1898 1319 ‚
1929 1268 1972 1311 ὃς
2003 1285 2025 1314 a
2059 1269 2279 1324 simplicio-

1232 1319 1342 1365 ribus
1384 1319 1431 1363 ad
1476 1320 1701 1378 composita
1746 1323 1820 1365 suis
1851 1322 2032 1369 feramur
2063 1329 2279 1382 gradibus,

1230 1393 1275 1420 ac
1321 1376 1542 1419 dividendo
1585 1395 1606 1421 a
1638 1380 1871 1435 compositis
1902 1382 1950 1424 ad
1984 1382 2181 1439 simplicia
2215 1386 2284 1429 de-

1234 1434 1448 1479 veniamus
1481 1465 1492 1487 ,
1524 1434 1578 1478 ibi
1613 1436 1893 1481 nihilominus
1925 1451 2044 1496 atque
2080 1442 2120 1484 in
2152 1458 2283 1496 quan-

1233 1490 1365 1537 titatis
1397 1490 1678 1537 affectionibus
1714 1526 1725 1547 ,
1758 1508 1942 1539 mentem
1975 1498 2024 1541 ad
2055 1498 2282 1545 Mathesirn

1230 1563 1495 1592 exercemus.
1527 1549 1568 1592 Si
1602 1565 1681 1605 qua
1715 1552 1828 1596 enim
1864 1567 1998 1609 patere
2032 1555 2280 1600 hominive-

1232 1606 1328 1648 ritas
1361 1604 1601 1650 naturaliter
1627 1609 1782 1662 potest,
1813 1625 1858 1653 ea
1883 1612 2120 1666 exipsamet
2139 1628 2279 1658 mente

1232 1663 1413 1706 humana
1444 1663 1658 1718 educitur,
1690 1665 1717 1708 si
1750 1667 1925 1712 confusae
1942 1685 2073 1713 rerum
2091 1671 2280 1717 notiones

1231 1720 1274 1766 in
1315 1719 1504 1765 ordinem
1550 1722 1601 1764 ab
1655 1722 1891 1771 administra
1936 1728 2117 1783 veritatis
2166 1730 2280 1775 Geo-

1230 1777 1380 1822 metria
1423 1778 1656 1822 tribuantur
1682 1811 1691 1822 .
1738 1781 1946 1838 Quidquid
1998 1798 2137 1830 autem
2169 1788 2281 1831 Geo-

1230 1834 1388 1878 metriae
1433 1834 1526 1897 satis
1581 1835 1705 1880 fuerit
1748 1838 1957 1884 Professori
2017 1843 2147 1886 divini
2202 1845 2279 1887 bu-

1230 1892 1425 1948 manique
1468 1891 1568 1944 iuris
1599 1925 1613 1947 ‚
1654 1894 1704 1937 ad
1744 1911 1870 1951 quern
1913 1898 2166 1954 potissimum
2211 1903 2276 1946 in-

1231 1949 1477 1993 stituendum
1529 1948 1600 1992 ista
1631 1950 1882 1997 meditamur
1908 1987 1921 2009 ‚
1967 1958 2159 2012 praebebit
2192 1961 2277 2003 Eu-

1230 2006 1353 2050 clides
1405 2024 1428 2050 a
1485 2008 1721 2052 Mercatore
1770 2010 1974 2065 digestus.
2018 2015 2100 2058 Cui
2147 2016 2276 2061 studio

1231 2064 1334 2106 re&e
1366 2075 1571 2107 attexetur
1602 2065 1868 2111 Astronomia
1894 2101 1906 2123 ,
1937 2087 2063 2126 quarn
2096 2073 2273 2117 breviter

1229 2120 1404 2176 arripere
1438 2120 1598 2164 licuerit
1630 2138 1651 2165 a
1684 2123 1914 2179 emendo,
1948 2127 2127 2184 itemque
2159 2132 2274 2174 Geo-

1229 2177 1399 2231 graphia
1425 2209 1437 2231 ‚
1488 2193 1576 2234 quae
1607 2178 1726 2225 facile
1757 2197 1803 2225 ac
1835 2184 2022 2228 celeriter
2053 2187 2274 2232 addiscetur

1228 2234 1278 2278 ab
1309 2234 1610 2280 introductione
1641 2237 1893 2284 Cluveriana
1920 2273 1932 2295 ‚
1975 2257 2098 2299 quam
2133 2260 2272 2289 recens

1230 2291 1449 2336 habuimus
1480 2292 1702 2337 auctiorem
1728 2326 1739 2336 .

1286 2349 1399 2393 Cum
1456 2350 1544 2405 quis
1600 2351 1727 2407 igitur
1778 2367 1849 2408 per
1901 2355 2172 2403 Dialecticam
2228 2360 2271 2403 &

1229 2405 1516 2450 Geometriam
1590 2409 1794 2453 naturales
1858 2414 1990 2457 animi
2059 2415 2272 2460 facultates

1234 2465 1436 2518 promorit
1465 2476 1584 2520 atque
1614 2464 1808 2511 direxerit
1832 2500 1845 2523 ‚
1872 2483 2092 2527 antequam
2125 2474 2276 2518 destri-

1229 2536 1300 2564 nas
1342 2522 1518 2578 attingat
1549 2521 1649 2568 alias
1675 2555 1688 2578 ,
1731 2525 1778 2568 ad
1809 2540 1931 2582 caput
1963 2529 2144 2574 veritatis
2176 2531 2271 2575 fon·

1229 2590 1393 2635 temque
1425 2579 1646 2624 notionum
1677 2582 1869 2627 omniurn
1894 2617 1906 2638 ,
1938 2601 2087 2643 nempe
2117 2588 2165 2631 ad
2198 2604 2274 2633 na-

1228 2648 1325 2679 turae
1354 2636 1528 2680 studium
1554 2669 1566 2691 ‚
1597 2637 1633 2682 se
1666 2639 1862 2696 tantisper
1894 2642 2101 2697 conferet,
2134 2647 2268 2701 quoad

1228 2693 1436 2749 generales
1467 2709 1603 2738 rerum
1635 2697 1796 2751 causas,
1827 2698 1872 2742 δ(
1904 2700 2178 2745 universitatis
2194 2702 2269 2747 hu-

1226 2751 1331 2802 jusce
1361 2751 1671 2806 generationem
1692 2754 1988 2812 ordinemque,
2021 2772 2269 2812 aemorum,

1227 2807 1307 2851 five
1337 2822 1478 2852 ortum
1512 2808 1973 2868 interitumque·rerum
2008 2831 2080 2871 pro
2113 2817 2266 2859 viribus

1226 2866 1379 2909 mentis
1409 2866 1602 2910 humanae
1632 2869 1989 2923 comprehenderit
2016 2887 2028 2925 3
2058 2887 2104 2916 ac
2137 2872 2163 2915 si
2199 2889 2269 2929 per

1228 2922 1381 2975 singula
1436 2939 1519 2967 non
1563 2927 1787 2971 excurrerit
1824 2960 1836 2982 ‚
1879 2941 2063 2972 attamen
2107 2931 2268 2986 prospe-

1226 2978 1330 3022 xerit
1380 2980 1563 3024 universa
1590 3014 1603 3036 ,
1662 2997 1929 3042 mentemque
1970 2984 2086 3030 iilam
2145 2988 2268 3041 depo-

1227 3037 1346 3084 suerit
1413 3038 1566 3082 anilem
1618 3072 1631 3094 ,
1684 3042 1927 3087 educatione
1993 3043 2265 3098 ‘muliercula-

1224 3109 1316 3138 rum
1345 3124 1358 3149 ‚
1401 3093 1445 3139 δι
1490 3096 1778 3198 consuetudine
1830 3099 2116 3158 imperitorum
2161 3101 2268 3164 sorri-

1782 3171 1803 3199 2
2184 3171 2267 3202 niis
