2451 3470
668 110 1767 168 OR‘xAT'IONES.

869 183 912 227 δε
945 183 1164 227 mercimo-
1224 184 1464 228 facultatem
1497 186 1774 232 retinebamus
1796 222 1808 244 ‚
1843 208 1959 239 nunc.
1985 207 2056 241 tuo
2090 201 2156 244 sub
2181 203 2261 246 im.

126 189 299 233 tumelia
330 185 522 242 depellite
553 185 775 242 aliquando
808 216 821 238 ,
1134 239 1140 245 ⁶

126 246 245 290 nium
293 245 370 288 hoe
417 259 619 299 nugarum
664 242 802 298 procul
835 239 988 283 auferte
1016 272 1028 293 ‚
1062 241 1165 294 Qui-

126 303 223 345 rites
243 334 255 356 ,
289 302 498 346 redeuntes
512 301 557 343 ad
573 300 843 350 justinianeos
861 297 984 339 libros
1005 327 1018 349 ,
1049 311 1166 338 nem-

125 375 174 414 pe
204 360 250 401 ad
285 358 386 402 sedes
417 357 518 414 ipsas
550 359 750 400 Romanae
779 354 945 416 Justitijae
964 385 976 406 ,
1010 352 1057 396 de
1089 368 1166 415 qua

126 415 156 467 si,
201 415 419 458 hominum
454 415 652 470 pravitate
683 427 778 468 opes
810 413 969 453 haurire
1004 424 1086 452 non
1115 409 1165 451 li-

128 471 260 515 cuerit
309 484 442 514 tantas
471 503 484 525 ,
515 482 678 527 quantae
708 469 758 512 ab
790 467 947 518 injustia
977 466 1168 529 &igno-

126 527 263 571 rantia
295 529 500 583 profluunt
530 560 542 580 ‚
592 527 783 570 animum
817 537 956 567 tamen
988 524 1163 578 priscum

122 584 247 629 illum
291 585 386 629 inde
431 585 635 640 recipietis
669 584 843 627 vestrum
863 596 1003 644 ‚opum
1033 579 1164 643 fortu-

123 656 351 698 narumque
401 654 705 685 contemtorem
730 671 742 691 ,
785 639 830 682 δι
861 637 1162 680 immortalium

121 699 325 742 bonorum
359 712 592 754 compotem
615 729 627 748 ,
662 697 867 751 virtutum
901 708 1049 747 nempe
1075 709 1159 736 ma-

122 756 329 798 ximarum
366 786 380 808 ,
432 769 519 809 quae
561 770 584 796 a
617 751 820 795 Romanis
852 750 1163 805 proficiscuntur

119 811 311 855 institutis
340 842 351 853 .
397 811 554 864 Quibus
594 825 615 852 e
647 808 788 864 legum
820 808 1040 850 vestrarum
1074 806 1162 849 san*

117 867 317 912 &imonia
372 866 565 909 suscitatis
593 897 605 919 ,
655 865 802 908 Latina
843 863 1003 915 Justitia
1047 864 1161 907 Lati—

116 938 300 980 numque
329 937 485 967 nomen
515 922 783 978 imposterum
815 919 1035 976 imperabit
1065 950 1074 960 .

299 1162 354 1215 ο
436 1150 485 1201 R
565 1149 859 1202 A'r1
940 1147 992 1198 O

115 1258 1158 1307 DEINSTAURATIONE

310 1316 944 1368 STUDIORUM‚

202 1406 284 1448 AD
315 1405 718 1449 CLEMENTEM
750 1404 829 1447 XL
863 1402 1069 1446 Pori-“rt-

433 1474 623 1504 FtcEM
656 1461 808 1503 Max.

231 1546 460 1600 Upientem
502 1545 600 1599 saepe
644 1560 819 1592 numero
863 1560 929 1588 me
976 1557 1155 1601 retegere

248 1603 349 1646 vitia
398 1601 620 1646 studiorum
647 1633 662 1655 ‚
702 1602 745 1644 δι
775 1602 982 1645 rat-ionem
1012 1617 1153 1645 emen-

65 1664 69 1669 ’
115 1659 338 1703 dandarum
384 1660 538 1703 artium
588 1659 791 1702 diuturnis
842 1658 1155 1714 cognitionibus

113 1716 220 1759 mihi
254 1717 469 1761 collectam
502 1718 673 1772 pendere
706 1715 1004 1770 meditantem,
1034 1732 1154 1759 revo-

115 1774 224 1816 cavit
269 1776 392 1817 modo
445 1773 754 1817 semidossorum
785 1772 1002 1816 insolentia
1039 1804 1051 1827 ,
1083 1773 1152 1828 qui

112 1830 339 1874 rationibus
372 1831 509 1873 iisdem
530 1861 542 1882 ‚
574 1831 717 1886 quibus
748 1829 940 1873 dof'trinae
973 1829 1151 1873 formam

111 1903 299 1943 peperere
329 1887 401 1930 fibi
426 1919 440 1939 ‚
474 1887 571 1930 vitia
606 1900 773 1930 tuentur
794 1918 807 1940 ,
839 1888 1004 1930 audacia
1037 1902 1152 1930 nem-

114 1960 161 1999 pe
196 1946 259 1987 sua
289 1945 332 1987 δι
358 1959 494 1987 errore
527 1943 696 1997 alieno,
728 1944 851 1987 modo
883 1960 978 1987 vero
999 1944 1041 1987 in
1059 1958 1148 1987 tan-

117 2014 155 2043 ta
196 2000 406 2044 oblivione
441 2000 610 2055 publicae
642 2001 836 2044 utilitatis
867 2001 1034 2045 abduxit
1066 2002 1153 2044 cxi-

115 2070 177 2099 tus
207 2058 341 2113 aliqua
373 2057 616 2112 desperatio:
653 2074 747 2101 cum
784 2058 925 2101 animo
958 2058 1028 2102 vix
1049 2074 1152 2102 unus

111 2126 181 2156 aut
214 2114 314 2156 alter
344 2127 571 2157 occurreret
601 2146 617 2166 ,
649 2116 717 2170 qui
750 2130 873 2170 quam
908 2115 1030 2170 posset
1065 2131 1148 2158 ma—

113 2172 252 2224 xime,
287 2171 391 2213 idem
424 2171 467 2213 ὃς
498 2170 623 2214 vellet
653 2187 773 2225 opem
807 2170 910 2214 ferre
929 2171 1150 2215 doctrinis.

174 2231 234 2270 At
268 2228 474 2282 postquam
502 2258 517 2280 0,
550 2229 837 2270 CLEMENS
879 2229 1150 2281 OPTIME,

113 2285 349 2337 divinarum
400 2285 753 2340 humanarumque
805 2300 942 2328 rerum
985 2286 1152 2339 potestas

114 2343 163 2385 ¹ad
197 2356 234 2385 te
266 2341 428 2384 devenit
455 2373 466 2392 ,
514 2342 556 2383 ὅς
589 2340 716 2384 literae
749 2341 856 2395 spem
895 2373 907 2394 ‚
950 2341 1148 2386 innocen·

115 2399 174 2442 tia
208 2399 464 2443 securitatem
500 2399 796 2453 recuperaverit
825 2414 845 2449 ‚·
890 2398 1067 2442 redditus
1095 2400 1150 2443 est

116 2456 240 2499 etiam
272 2454 342 2498 ille
376 2454 479 2497 mihi
512 2454 675 2498 animus
703 2470 797 2509 erga
829 2455 952 2498 studia
982 2487 995 2509 ‚
1027 2471 1148 2511 quern

113 2510 327 2555 abstulerat
388 2511 630 2555 obtrectatio
674 2512 1032 2566 perditissimorum
1078 2512 1149 2555 ho-

116 2569 309 2620 minum,
328 2569 408 2624 ·qui
440 2572 536 2611 cum
565 2568 817 2624 gravioribus
847 2568 1040 2611 dofi‘trinis
1071 2569 1148 2612 ira-

4 2633 7 2636 ’
47 2646 60 2651 s
115 2626 320 2669 scerentur
340 2655 352 2676 ‚
381 2624 630 2669 &ditemus
659 2641 800 2669 eorum
834 2625 1002 2669 ridicule
1034 2626 1150 2670 infla-

111 2695 282 2735 rentur,
314 2681 429 2724 suum
461 2682 506 2724 in
537 2697 604 2725 me
635 2683 889 2726 stomachum
904 2696 1146 2738 eruperunt,

108 2755 237 2796 -quem
270 2753 368 2781 voce
396 2749 519 2793 atque
552 2739 706 2792 scriptis
727 2739 887 2782 cultum
904 2740 1148 2784 severiorum

109 2798 262 2840 artium
294 2794 568 2838 excitaturum
601 2795 900 2851 suspicabantur
926 2813 942 2850 ς
997 2797 1148 2854 suisque

115 2853 227 2897 vitiis
268 2852 375 2896 mihi
409 2867 477 2905 per
511 2851 713 2895 summam
744 2854 1042 2908 impudentiam
1077 2855 1145 2899 tri-

113 2911 220 2954 butis
258 2941 271 2962 ,
316 2924 450 2952 meam
499 2920 664 2952 tenuem
697 2909 1023 2966 qualemcunque
1054 2929 1147 2968 ope-

108 2984 198 3012 tam
232 2966 404 3009 studiosis
433 2964 587 3019 eripere
618 2964 835 3008 voluerunt
854 2998 866 3008 .

172 3024 349 3079 Quando
399 3022 523 3076 igitur
573 3037 682 3076 nos,
724 3022 791 3077 qui
842 3023 911 3065 vix
944 3039 1012 3077 per
1045 3024 1143 3067 livo-

111 3078 202 3125 rem
248 3080 291 3124 δι
321 3079 585 3125 insolentiam
615 3079 784 3124 illorum
816 3079 918 3124 reffle
952 3081 1145 3126 sentiendi

2155 146 2258 193 109

1217 241 1328 305 perio
1375 242 1606 304 libertatem
1637 246 1765 289 etiam
1801 252 2028 306 recepimus
2061 258 2162 301 recle
2192 259 2254 301 di·-

1214 299 1357 350 cendi,
1390 311 1434 361 ut
1464 316 1546 349 iam
1579 301 1698 345 liceat
1732 305 1901 361 impune
1933 325 2015 365 prae
2046 314 2160 356 nobis
2176 315 2253 357 fei·-

1217 353 1505 419 ree-meliora,
1552 373 1639 423 non
1685 364 1951 415 gravabimur
1997 383 2042 411 ea
2074 384 2253 424 repetere

1214 427 1381 464 ariimO,
1413 425 1532 469 atque
1564 432 1607 458 in
1640 418 1824 465 medium
1856 422 2011 468 adferre
2031 456 2046 477 ‚
2077 442 2163 482 quae
2180 426 2253 471 dif-

1214 468 1450 535 fluxerantj
1495 486 1569 515 nec
1620 475 1786 527 pudebit
1828 479 1970 524 eadem
2012 483 2059 525 ad
2092 497 2210 528 tuum
2244 517 2257 540 ,

1213 526 1426 588 SAPiEN
1441 528 1673 576 HSSIME
1698 534 2028 592 PONTIFEX,
2059 540 2258 587 adducere

1214 583 1410 646 iudiciuin
1435 616 1446 635 ‚
1482 600 1524 628 ut
1549 618 1561 639 ,
1593 590 1735 633 omnia
1767 591 1795 634 si
1828 594 2049 649 respueriS‚
2083 613 2158 641 nos
2188 615 2254 643 er-

1215 655 1302 682 rore
1346 639 1564 685 liberemur
1599 661 1611 696 3
1662 646 1689 689 fi
1720 663 1808 703 quae
1840 667 1937 694 vero
1970 654 2044 696 tibi
2079 655 2254 710 proben-

1214 708 1277 758 tur
1308 727 1320 748 ,
1350 712 1396 739 ea
1428 699 1696 760 conferantur
1725 706 1771 747 ad
1803 709 2140 756 emendationem
2174 714 2253 757 stu-

1211 752 1399 815 diorum,
1433 767 1565 819 itaque
1598 758 1843 807 alterutrum
1877 765 1941 809 vel
1974 767 2079 812 mihi
2115 770 2253 824 priva-

1213 822 1288 851 tim
1315 841 1327 862 ‚
1378 811 1441 873 vel
1475 814 1566 855 aliis
1598 817 1756 870 publice
1790 822 1936 875 prosim
1971 840 1983 877 3
2031 826 2252 880 praesertim

1210 883 1305 910 cum
1339 867 1556 914 studiorum
1591 887 1772 929 regimen
1806 880 2002 935 nusquam
2039 884 2083 926 sit
2117 887 2254 940 magis

1210 939 1332 988 quam
1367 927 1511 987 Romae
1543 931 1804 976 necessarium
1835 966 1847 987 ,
1880 938 1946 980 ubi
1981 942 2144 993 praemia
2176 958 2256 997 po-

1207 995 1290 1024 tius
1320 982 1598 1046 doftrinarurn
1631 1019 1643 1040 ‚
1689 1004 1814 1045 quam
1846 993 1925 1047 ipse
1956 995 2151 1041 dozffiinae
2172 1014 2246 1054 ap·

1211 1051 1426 1092 petuntur:
1463 1041 1629 1104 ideoque
1662 1045 1777 1100 plura
1810 1052 2040 1102 perturbate
2072 1071 2117 1099 ac
2150 1071 2250 1110 prae-

1209 1108 1365 1159 mature
1397 1113 1646 1154 arripiuntur
1677 1104 1726 1145 ab
1757 1105 2074 1154 adolescentibus
2107 1145 2117 1165 ,
2148 1113 2245 1167 opi-

1205 1168 1377 1197 nionem
1400 1168 1574 1218 ‚tantum
1605 1160 1871 1214 eruditionis,
1906 1179 1987 1208 non
2023 1167 2102 1211 fine
2135 1168 2251 1213 frau-

1205 1210 1252 1273 de
1297 1210 1457 1264 publica
1482 1245 1500 1275 Ι,
1544 1213 1639 1269 saepe
1683 1218 1788 1272 apud
1822 1219 2028 1276 Principes
2059 1227 2248 1269 ambien-

1206 1267 1536 1332 tibus-'Etenim
1570 1271 1708 1316 utilius
1738 1274 1791 1317 est
1824 1292 1918 1320 cum
1936 1280 2123 1335 publice,
2158 1280 2247 1327 tu'm

1207 1337 1402 1389 privatim
1429 1358 1431 1360 -
1459 1341 1646 1379 ignorare
1696 1330 1851 1385 prorsus
1895 1333 2030 1378 literas
2063 1369 2075 1388 ‚
2118 1355 2243 1394 quam

1205 1382 1385 1436 profiteri
1416 1380 1558 1445 fallas,
1591 1400 1686 1429 cum
1722 1386 1842 1444 longe
1875 1391 2094 1436 crebriores
2128 1410 2239 1437 erro-

1203 1454 1263 1481 res
1292 1455 1340 1482 ex
1375 1454 1580 1484 variarum
1612 1458 1748 1505 rerum
1781 1447 1944 1490 confusa
1977 1452 2239 1505 cognitione,

1202 1511 1326 1551 quam
1357 1511 1413 1560 ex.
1437 1512 1577 1540 earum
1607 1503 1846 1554 ignorantia
1879 1505 2064 1550 oriantur
2093 1540 2103 1550 .
2153 1502 2267 1564 Quo

1205 1552 1319 1607 plura
1348 1568 1463 1597 enim
1494 1556 1675 1618 perverse
1709 1559 1929 1614 discimus,
1962 1578 2011 1606 eo
2044 1564 2242 1616 majorem

1204 1608 1442 1654 facultatem
1481 1613 1532 1654 ad
1572 1612 1674 1656 alios
1716 1630 1763 1659 ac
1793 1617 2058 1675 nosmetipsos
2088 1622 2244 1679 decipi-=

1201 1667 1325 1710 endos
1355 1667 1639 1726 adipiscimur.

1224 1780 1231 1787 .
1261 1725 1380 1779 Quod
1414 1726 1442 1768 si
1472 1726 1597 1770 studia
1630 1727 1843 1774 literarum
1876 1732 1925 1775 ab
1956 1735 2059 1778 rena
2088 1736 2245 1780 institu-

1202 1793 1317 1825 tione
1366 1781 1556 1827 deerrasse
1587 1785 1794 1830 ostendero
1820 1821 1831 1839 ,
1882 1804 1924 1832 ut
1956 1804 2058 1836 certe
2092 1794 2244 1837 deerra-

1203 1852 1322 1903 runt,
1357 1855 1559 1895 perquem
1583 1857 1764 1899 unquam
1783 1846 2021 1890 reducentur
2037 1850 2078 1892 in
2103 1851 2210 1893 viam
2227 1883 2241 1903 ,

1203 1897 1274 1939 nisi
1298 1911 1378 1959 ‘per
1408 1912 1504 1961 eam
1534 1901 1799 1958 potestat-ern,
1832 1918 1952 1958 quam
1988 1908 2164 1962 ingeniis
2194 1908 2239 1950 δε

1202 1954 1383 1996 moribus
1413 1956 1630 2010 expiandi,
1661 1971 1783 2012 atque
1814 1960 1860 2002 ad
1877 1961 2023 2006 rechin
2038 1980 2208 2018 operum
2229 1996 2242 2018 ,

1198 2011 1242 2053 δε
1277 2010 1570 2055 sententiarum
1606 2029 1794 2058 normam
1829 2017 2044 2063 referendis
2065 2023 2241 2064 CHRI-

1198 2069 1345 2130 STUS
1379 2068 1420 2111 in
1451 2068 1560 2112 >inter
1591 2071 1978 2118 homineslocavit?
2015 2078 2156 2130 Nam,
2191 2090 2239 2121 ut

1199 2137 1257 2167 ait
1277 2125 1403 2170 ,Plato
1424 2158 1436 2178 ,
1468 2141 1552 2168 non
1589 2127 1697 2171 suam
1732 2142 1891 2174 tantum
1921 2131 2108 2187 Princeps
2121 2134 2240 2177 debet

1199 2197 1337 2225 curare
1364 2212 1377 2233 ,
1408 2182 1485 2248 *sed
1514 2182 1558 2226 δί
1589 2184 1762 2228 aliorum
1795 2187 1920 2230 etiam
1949 2190 2086 2234 colere
2118 2203 2239 2246 atque

1198 2254 1345 2293 augere
1379 2252 1600 2283 virtutem.
1633 2241 1818 2294 ἄρχοντος
1838 2275 1851 2296 ,
1883 2245 2021 2299 inquit
2042 2280 2053 2300 ‚
2087 2247 2161 2287 ἐςιν
2191 2263 2236 2287 εκ

1197 2295 1307 2334 aiu-rbi
1335 2293 1441 2344 w'm
1471 2298 1609 2345 αγαθόν
1637 2299 1720 2335 εἶναι
1748 2298 1848 2339 ἄλλοι
1877 2303 1940 2340 καὶ
1971 2307 2045 2342 τῶν
2068 2303 2239 2354 αρχομὲε

1198 2365 1262 2389 νων
1294 2349 1567 2401 ἐμιαελρῐσθαι,
1598 2351 1686 2390 ὅπως
1717 2353 1758 2390 ω’(
1787 2355 1960 2399 Bam-imi
1992 2357 2169 2399 ἔσονται.

1255 2405 1363 2447 Eam
1397 2420 1489 2449 vero
1520 2406 1757 2460 potestatem
1790 2411 1974 2464 quisnam
1995 2413 2234 2459 mortalium

1197 2461 1244 2503 ad
1274 2460 1438 2523 cultum
1472 2461 1685 2506 literarum
1719 2464 1910 2511 libentius
1942 2486 2065 2525 quam
2099 2481 2141 2512 tu
2165 2472 2237 2515 fle-

1198 2529 1305 2580 xerit
1346 2531 1465 2574 atque
1515 2520 1670 2563 felicius
1700 2553 1712 2573 ‚
1755 2522 1825 2577 qui
1859 2540 1926 2578 per
1957 2526 2235 2571 doctrinarum

1201 2574 1339 2638 seriem
1368 2606 1380 2627 ‚
1410 2577 1642 2619 continenti
1674 2579 1864 2623 ‘laborum
1896 2585 2009 2626 cursu
2042 2585 2087 2626 ad
2122 2583 2232 2627 huuc

1198 2631 1447 2687 dignitatum
1480 2634 1677 2678 verticem
1709 2636 1900 2690 evolasti3
1934 2642 2080 2697 quique
2102 2640 2238 2693 priva-

1202 2701 1263 2731 tus
1294 2689 1425 2733 adhuc
1457 2692 1610 2746 regiam
1645 2692 1955 2739 beneficentiam
1990 2698 2104 2740 bonis
2135 2699 2235 2741 arti-

1201 2746 1269 2807 bus
1300 2746 1396 2788 adeo
1426 2748 1640 2792 exhibuisti
1673 2781 1689 2802 ,
1740 2750 2030 2798 ut‘literarurn
2064 2754 2237 2799 tutelam

1201 2819 1241 2844 in
1276 2819 1432 2846 morem
1467 2805 1541 2847 tibi
1577 2807 1728 2849 versam
1760 2839 1770 2858 ,
1802 2810 1926 2853 etiam
1959 2825 2078 2854 antea
2110 2811 2237 2855 credi·

1199 2859 1377 2922 derimus
1398 2893 1409 2913 ‚
1443 2862 1485 2904 &
1517 2863 1708 2918 quidquid
1745 2865 1949 2911 summum
1982 2870 2035 2911 est
2063 2869 2234 2910 Pontifi=

1197 2933 1351 2980 ciarum
1368 2934 1551 2982 curarum
1569 2951 1579 2971 ‚
1614 2935 1693 2962 non
1711 2934 1875 2966 tantum
1888 2941 1937 2967 ex
1951 2926 2038 2980 lege
2050 2925 2236 2968 muneris

1197 2987 1286 3025 tui,
1318 2973 1377 3016 sed
1406 2991 1573 3038 ‘proprio
1608 2978 1742 3022 Marte
1776 2979 1932 3025 videare
1963 2982 2227 3037 praestiturus„

1254 3031 1372 3093 Quod
1404 3045 1526 3094 igitur
1557 3033 1747 3077 omniurn
1778 3036 2112 3092 >philosophorum
2146 3039 2230 3080 sen-

1198 3099 1329 3131 tentia
1358 3087 1528 3134 traditur
1557 3120 1570 3143 ,
1601 3091 1816 3143 ⁸virtutum
1845 3094 1887 3138 δι
1919 3095 2114 3139 vitiorum
2146 3094 2224 3155 iiii-

2149 3163 2207 3195 tia
