<?xml version="1.0" encoding="UTF-8"?>
<!DOCTYPE html PUBLIC "-//W3C//DTD XHTML 1.0 Transitional//EN"
    "http://www.w3.org/TR/xhtml1/DTD/xhtml1-transitional.dtd">
<html xmlns="http://www.w3.org/1999/xhtml" xml:lang="en" lang="en">
 <head>
  <title>
</title>
<meta http-equiv="Content-Type" content="text/html;charset=utf-8" />
  <meta name='ocr-system' content='tesseract 3.04.00' />
  <meta name='ocr-capabilities' content='ocr_page ocr_carea ocr_par ocr_line ocrx_word'/>
</head>
<body>
  <div class='ocr_page' id='page_1' title='image "./janivincentiigra02gravuoft_0155.png"; bbox 0 0 2451 3470; ppageno 0'>
   <div class='ocr_carea' id='block_1_1' title="bbox 128 163 1170 457">
    <p class='ocr_par' dir='ltr' id='par_1_1' title="bbox 128 163 1170 448">
     <span class='ocr_line' id='line_1_1' title="bbox 129 163 1169 218; baseline -0.002 -8"><span class='ocrx_word' id='word_1_1' title='bbox 129 166 248 210; x_wconf 77' lang='lat' dir='ltr'><strong>enim</strong></span> <span class='ocrx_word' id='word_1_2' title='bbox 283 164 337 208; x_wconf 88' lang='lat' dir='ltr'><strong>ibi</strong></span> <span class='ocrx_word' id='word_1_3' title='bbox 370 163 594 218; x_wconf 83' lang='lat' dir='ltr'><strong>judicium,</strong></span> <span class='ocrx_word' id='word_1_4' title='bbox 625 165 789 209; x_wconf 83' lang='lat' dir='ltr'><strong>nullum</strong></span> <span class='ocrx_word' id='word_1_5' title='bbox 822 166 1032 209; x_wconf 67' lang='lat' dir='ltr'><strong>au&amp;orum</strong></span> <span class='ocrx_word' id='word_1_6' title='bbox 1065 165 1169 208; x_wconf 89' lang='lat' dir='ltr'><strong>dele-</strong></span> 
     </span>
     <span class='ocr_line' id='line_1_2' title="bbox 128 222 1169 278; baseline -0.003 -11"><span class='ocrx_word' id='word_1_7' title='bbox 128 224 244 267; x_wconf 68' lang='lat' dir='ltr'><strong>v&amp;um</strong></span> <span class='ocrx_word' id='word_1_8' title='bbox 271 254 284 276; x_wconf 87' lang='lat'>,</span> <span class='ocrx_word' id='word_1_9' title='bbox 327 223 514 265; x_wconf 85' lang='lat' dir='ltr'>ordinem</span> <span class='ocrx_word' id='word_1_10' title='bbox 554 223 725 278; x_wconf 85' lang='lat' dir='ltr'><strong>denique</strong></span> <span class='ocrx_word' id='word_1_11' title='bbox 757 223 929 266; x_wconf 57' lang='lat' dir='ltr'><strong>nullum·</strong></span> <span class='ocrx_word' id='word_1_12' title='bbox 950 222 1169 276; x_wconf 84' lang='lat' dir='ltr'><strong>deprehen-</strong></span> 
     </span>
     <span class='ocr_line' id='line_1_3' title="bbox 135 282 186 322; baseline 0 0"><span class='ocrx_word' id='word_1_13' title='bbox 135 282 186 322; x_wconf 93' lang='lat' dir='ltr'><strong>do</strong></span> 
     </span>
     <span class='ocr_line' id='line_1_4' title="bbox 135 336 1170 400; baseline 0.002 -22"><span class='ocrx_word' id='word_1_14' title='bbox 135 336 327 400; x_wconf 79' lang='lat' dir='ltr'>facultate</span> <span class='ocrx_word' id='word_1_15' title='bbox 360 338 503 391; x_wconf 85' lang='lat' dir='ltr'><strong>quovis</strong></span> <span class='ocrx_word' id='word_1_16' title='bbox 538 337 667 391; x_wconf 90' lang='lat' dir='ltr'><strong>pretio</strong></span> <span class='ocrx_word' id='word_1_17' title='bbox 697 336 970 391; x_wconf 81' lang='lat' dir='ltr'><strong>reparaveris.</strong></span> <span class='ocrx_word' id='word_1_18' title='bbox 1002 336 1170 391; x_wconf 81' lang='lat' dir='ltr'><strong>Perpau-</strong></span> 
     </span>
     <span class='ocr_line' id='line_1_5' title="bbox 137 393 809 457; baseline -0.003 -20"><span class='ocrx_word' id='word_1_19' title='bbox 137 409 183 437; x_wconf 89' lang='lat' dir='ltr'><strong>ca</strong></span> <span class='ocrx_word' id='word_1_20' title='bbox 213 394 327 436; x_wconf 85' lang='lat' dir='ltr'><strong>enim</strong></span> <span class='ocrx_word' id='word_1_21' title='bbox 360 407 504 457; x_wconf 84' lang='lat' dir='ltr'>extant</span> <span class='ocrx_word' id='word_1_22' title='bbox 535 393 809 448; x_wconf 82' lang='lat' dir='ltr'><strong>exemplaria.</strong></span> 
     </span>
    </p>
   </div>
   <div class='ocr_carea' id='block_1_2' title="bbox 196 448 1172 513">
    <p class='ocr_par' dir='ltr' id='par_1_2' title="bbox 196 448 1172 513">
     <span class='ocr_line' id='line_1_6' title="bbox 196 448 1172 513; baseline -0.001 -21"><span class='ocrx_word' id='word_1_23' title='bbox 196 451 323 492; x_wconf 87' lang='lat' dir='ltr'><strong>Nunc</strong></span> <span class='ocrx_word' id='word_1_24' title='bbox 369 466 419 493; x_wconf 92' lang='lat' dir='ltr'><strong>ne</strong></span> <span class='ocrx_word' id='word_1_25' title='bbox 462 450 502 493; x_wconf 90' lang='lat' dir='ltr'><strong>in</strong></span> <span class='ocrx_word' id='word_1_26' title='bbox 537 450 769 506; x_wconf 80' lang='lat' dir='ltr'><strong>vulgarium</strong></span> <span class='ocrx_word' id='word_1_27' title='bbox 802 448 1172 513; x_wconf 84' lang='lat' dir='ltr'><strong>grammaticorum</strong></span> 
     </span>
    </p>
   </div>
   <div class='ocr_carea' id='block_1_3' title="bbox 135 506 1169 561">
    <p class='ocr_par' dir='ltr' id='par_1_3' title="bbox 135 506 1169 561">
     <span class='ocr_line' id='line_1_7' title="bbox 135 506 1169 561; baseline -0.001 -11"><span class='ocrx_word' id='word_1_28' title='bbox 135 507 358 550; x_wconf 72' lang='lat' dir='ltr'>colluviem</span> <span class='ocrx_word' id='word_1_29' title='bbox 391 507 664 561; x_wconf 83' lang='lat' dir='ltr'><strong>demergaris,</strong></span> <span class='ocrx_word' id='word_1_30' title='bbox 697 523 745 550; x_wconf 81' lang='lat' dir='ltr'><strong>ex</strong></span> <span class='ocrx_word' id='word_1_31' title='bbox 772 507 959 549; x_wconf 80' lang='lat' dir='ltr'><strong>inanium</strong></span> <span class='ocrx_word' id='word_1_32' title='bbox 980 506 1169 549; x_wconf 80' lang='lat' dir='ltr'><strong>&amp;moro-</strong></span> 
     </span>
    </p>
   </div>
   <div class='ocr_carea' id='block_1_4' title="bbox 140 563 1173 619">
    <p class='ocr_par' dir='ltr' id='par_1_4' title="bbox 140 563 1173 619">
     <span class='ocr_line' id='line_1_8' title="bbox 140 563 1173 619; baseline -0.002 -13"><span class='ocrx_word' id='word_1_33' title='bbox 140 564 269 606; x_wconf 84' lang='lat' dir='ltr'><strong>sarum</strong></span> <span class='ocrx_word' id='word_1_34' title='bbox 302 563 632 607; x_wconf 85' lang='lat' dir='ltr'><strong>observationum</strong></span> <span class='ocrx_word' id='word_1_35' title='bbox 648 563 887 619; x_wconf 79' lang='lat' dir='ltr'>ambagibus</span> <span class='ocrx_word' id='word_1_36' title='bbox 901 563 1089 606; x_wconf 76' lang='lat' dir='ltr'>evolvam</span> <span class='ocrx_word' id='word_1_37' title='bbox 1110 575 1145 604; x_wconf 83' lang='lat' dir='ltr'><strong>te</strong></span> <span class='ocrx_word' id='word_1_38' title='bbox 1162 595 1173 615; x_wconf 81' lang='lat'>,</span> 
     </span>
    </p>
   </div>
   <div class='ocr_carea' id='block_1_5' title="bbox 136 621 1169 677">
    <p class='ocr_par' dir='ltr' id='par_1_5' title="bbox 136 621 1169 677">
     <span class='ocr_line' id='line_1_9' title="bbox 136 621 1169 677; baseline -0.002 -13"><span class='ocrx_word' id='word_1_39' title='bbox 136 621 362 675; x_wconf 81' lang='lat' dir='ltr'>ducamque</span> <span class='ocrx_word' id='word_1_40' title='bbox 394 621 441 663; x_wconf 85' lang='lat' dir='ltr'><strong>ad</strong></span> <span class='ocrx_word' id='word_1_41' title='bbox 472 636 538 664; x_wconf 89' lang='lat' dir='ltr'><strong>eos</strong></span> <span class='ocrx_word' id='word_1_42' title='bbox 559 653 570 673; x_wconf 89' lang='lat'><strong>‚</strong></span> <span class='ocrx_word' id='word_1_43' title='bbox 603 636 671 677; x_wconf 71' lang='lat' dir='ltr'><strong>qui</strong></span> <span class='ocrx_word' id='word_1_44' title='bbox 703 634 830 663; x_wconf 77' lang='lat' dir='ltr'><strong>artem</strong></span> <span class='ocrx_word' id='word_1_45' title='bbox 857 621 1169 675; x_wconf 78' lang='lat' dir='ltr'><strong>orammaticam</strong></span> 
     </span>
    </p>
   </div>
   <div class='ocr_carea' id='block_1_6' title="bbox 222 279 1174 335">
    <p class='ocr_par' dir='ltr' id='par_1_6' title="bbox 222 279 1174 335">
     <span class='ocr_line' id='line_1_10' title="bbox 222 279 1174 335; baseline 0.001 -13"><span class='ocrx_word' id='word_1_46' title='bbox 222 310 231 322; x_wconf 88' lang='lat'><strong>.</strong></span> <span class='ocrx_word' id='word_1_47' title='bbox 263 280 602 323; x_wconf 79' lang='lat' dir='ltr'><strong>Commentarios</strong></span> <span class='ocrx_word' id='word_1_48' title='bbox 633 281 829 335; x_wconf 83' lang='lat' dir='ltr'><strong>Stephani</strong></span> <span class='ocrx_word' id='word_1_49' title='bbox 864 279 1004 322; x_wconf 87' lang='lat' dir='ltr'><strong>Doleti</strong></span> <span class='ocrx_word' id='word_1_50' title='bbox 1039 279 1174 323; x_wconf 86' lang='lat' dir='ltr'><strong>oblata</strong></span> 
     </span>
    </p>
   </div>
   <div class='ocr_carea' id='block_1_7' title="bbox 1195 529 1206 671">
    <p class='ocr_par' dir='ltr' id='par_1_7' title="bbox 1195 529 1206 671">
     <span class='ocr_line' id='line_1_11' title="bbox 1195 529 1206 671; baseline 0 2799"><span class='ocrx_word' id='word_1_51' title='bbox 1195 529 1206 671; x_wconf 95' lang='lat' dir='ltr'><strong> </strong></span> 
     </span>
    </p>
   </div>
   <div class='ocr_carea' id='block_1_8' title="bbox 1235 89 2250 162">
    <p class='ocr_par' dir='ltr' id='par_1_8' title="bbox 1235 89 2250 162">
     <span class='ocr_line' id='line_1_12' title="bbox 1235 89 2250 162; baseline -0.001 -17"><span class='ocrx_word' id='word_1_52' title='bbox 1235 89 2250 162; x_wconf 72' lang='lat' dir='ltr'>CULA0149</span> 
     </span>
    </p>
   </div>
   <div class='ocr_carea' id='block_1_9' title="bbox 1219 162 2253 674">
    <p class='ocr_par' dir='ltr' id='par_1_9' title="bbox 1219 162 2253 672">
     <span class='ocr_line' id='line_1_13' title="bbox 1220 162 2250 228; baseline 0 -19"><span class='ocrx_word' id='word_1_53' title='bbox 1220 179 1302 209; x_wconf 87' lang='lat' dir='ltr'><strong>tem</strong></span> <span class='ocrx_word' id='word_1_54' title='bbox 1345 164 1393 208; x_wconf 83' lang='lat' dir='ltr'><strong>ad</strong></span> <span class='ocrx_word' id='word_1_55' title='bbox 1433 162 1659 228; x_wconf 79' lang='lat' dir='ltr'><strong>simplicem</strong></span> <span class='ocrx_word' id='word_1_56' title='bbox 1700 162 1744 205; x_wconf 70' lang='grc' dir='ltr'><strong>δι</strong></span> <span class='ocrx_word' id='word_1_57' title='bbox 1785 177 2052 226; x_wconf 76' lang='lat' dir='ltr'><strong>communem</strong></span> <span class='ocrx_word' id='word_1_58' title='bbox 2095 163 2153 209; x_wconf 90' lang='lat' dir='ltr'><strong>lin</strong></span> <span class='ocrx_word' id='word_1_59' title='bbox 2159 169 2250 222; x_wconf 83' lang='lat' dir='ltr'><strong>guis</strong></span> 
     </span>
     <span class='ocr_line' id='line_1_14' title="bbox 1220 220 2250 275; baseline 0.002 -10"><span class='ocrx_word' id='word_1_60' title='bbox 1220 221 1410 266; x_wconf 85' lang='lat' dir='ltr'><strong>omnibus</strong></span> <span class='ocrx_word' id='word_1_61' title='bbox 1442 221 1646 264; x_wconf 89' lang='lat' dir='ltr'><strong>rationem</strong></span> <span class='ocrx_word' id='word_1_62' title='bbox 1679 220 1909 263; x_wconf 88' lang='lat' dir='ltr'><strong>revocavit.</strong></span> <span class='ocrx_word' id='word_1_63' title='bbox 1942 223 2034 275; x_wconf 77' lang='lat' dir='ltr'><strong>Quo</strong></span> <span class='ocrx_word' id='word_1_64' title='bbox 2060 238 2109 266; x_wconf 84' lang='lat' dir='ltr'><strong>ex</strong></span> <span class='ocrx_word' id='word_1_65' title='bbox 2131 223 2250 266; x_wconf 83' lang='lat' dir='ltr'><strong>libel-</strong></span> 
     </span>
     <span class='ocr_line' id='line_1_15' title="bbox 1223 277 2248 329; baseline -0.001 -7"><span class='ocrx_word' id='word_1_66' title='bbox 1223 280 1260 322; x_wconf 93' lang='lat' dir='ltr'><strong>lo</strong></span> <span class='ocrx_word' id='word_1_67' title='bbox 1292 294 1376 321; x_wconf 80' lang='lat' dir='ltr'><strong>non</strong></span> <span class='ocrx_word' id='word_1_68' title='bbox 1408 277 1605 321; x_wconf 83' lang='lat' dir='ltr'><strong>orationis</strong></span> <span class='ocrx_word' id='word_1_69' title='bbox 1636 278 1784 329; x_wconf 83' lang='lat' dir='ltr'><strong>modo,</strong></span> <span class='ocrx_word' id='word_1_70' title='bbox 1820 277 1879 319; x_wconf 86' lang='lat' dir='ltr'><strong>sed</strong></span> <span class='ocrx_word' id='word_1_71' title='bbox 1911 277 1954 319; x_wconf 83' lang='lat'>&amp;</span> <span class='ocrx_word' id='word_1_72' title='bbox 1974 278 2248 322; x_wconf 84' lang='lat' dir='ltr'><strong>ratiocinandi</strong></span> 
     </span>
     <span class='ocr_line' id='line_1_16' title="bbox 1222 333 2249 388; baseline 0.001 -10"><span class='ocrx_word' id='word_1_73' title='bbox 1222 335 1367 378; x_wconf 77' lang='lat' dir='ltr'>caussas</span> <span class='ocrx_word' id='word_1_74' title='bbox 1410 335 1607 379; x_wconf 85' lang='lat' dir='ltr'><strong>facillime</strong></span> <span class='ocrx_word' id='word_1_75' title='bbox 1637 333 1846 377; x_wconf 84' lang='lat' dir='ltr'><strong>deduxeris</strong></span> <span class='ocrx_word' id='word_1_76' title='bbox 1877 365 1886 376; x_wconf 88' lang='lat'><strong><em>.</em></strong></span> <span class='ocrx_word' id='word_1_77' title='bbox 1931 335 2030 388; x_wconf 66' lang='lat' dir='ltr'><strong>Quae</strong></span> <span class='ocrx_word' id='word_1_78' title='bbox 2065 335 2105 376; x_wconf 88' lang='lat' dir='ltr'><strong>in</strong></span> <span class='ocrx_word' id='word_1_79' title='bbox 2139 336 2249 379; x_wconf 78' lang='lat' dir='ltr'><strong>hunc</strong></span> 
     </span>
     <span class='ocr_line' id='line_1_17' title="bbox 1223 391 2249 447; baseline -0.001 -12"><span class='ocrx_word' id='word_1_80' title='bbox 1223 392 1406 436; x_wconf 79' lang='lat' dir='ltr'><strong>libellum</strong></span> <span class='ocrx_word' id='word_1_81' title='bbox 1437 410 1487 436; x_wconf 82' lang='lat' dir='ltr'><strong>ex</strong></span> <span class='ocrx_word' id='word_1_82' title='bbox 1509 391 1713 447; x_wconf 81' lang='lat' dir='ltr'><strong>Scaligero</strong></span> <span class='ocrx_word' id='word_1_83' title='bbox 1733 391 1775 433; x_wconf 86' lang='lat'>&amp;</span> <span class='ocrx_word' id='word_1_84' title='bbox 1796 391 1958 434; x_wconf 56' lang='lat' dir='ltr'><strong>Sanctio</strong></span> <span class='ocrx_word' id='word_1_85' title='bbox 1973 391 2249 446; x_wconf 80' lang='lat' dir='ltr'><strong>influxerunt,</strong></span> 
     </span>
     <span class='ocr_line' id='line_1_18' title="bbox 1221 447 2252 504; baseline -0.001 -12"><span class='ocrx_word' id='word_1_86' title='bbox 1221 452 1362 493; x_wconf 86' lang='lat' dir='ltr'><strong>omnia</strong></span> <span class='ocrx_word' id='word_1_87' title='bbox 1396 451 1483 494; x_wconf 86' lang='lat' dir='ltr'><strong>sunt</strong></span> <span class='ocrx_word' id='word_1_88' title='bbox 1515 449 1717 504; x_wconf 83' lang='lat' dir='ltr'><strong>explicata</strong></span> <span class='ocrx_word' id='word_1_89' title='bbox 1751 447 1963 491; x_wconf 82' lang='lat' dir='ltr'><strong>subtilius.</strong></span> <span class='ocrx_word' id='word_1_90' title='bbox 2000 448 2105 490; x_wconf 84' lang='lat' dir='ltr'><strong>Illud</strong></span> <span class='ocrx_word' id='word_1_91' title='bbox 2128 464 2252 503; x_wconf 82' lang='lat' dir='ltr'><strong>vero,</strong></span> 
     </span>
     <span class='ocr_line' id='line_1_19' title="bbox 1221 505 2253 562; baseline -0.002 -13"><span class='ocrx_word' id='word_1_92' title='bbox 1221 508 1323 562; x_wconf 87' lang='lat' dir='ltr'><strong>quod</strong></span> <span class='ocrx_word' id='word_1_93' title='bbox 1358 509 1403 551; x_wconf 89' lang='lat' dir='ltr'><strong>de</strong></span> <span class='ocrx_word' id='word_1_94' title='bbox 1437 520 1583 550; x_wconf 88' lang='lat' dir='ltr'><strong>natura</strong></span> <span class='ocrx_word' id='word_1_95' title='bbox 1615 506 1725 549; x_wconf 87' lang='lat' dir='ltr'><strong>verbi</strong></span> <span class='ocrx_word' id='word_1_96' title='bbox 1759 505 1953 558; x_wconf 86' lang='lat' dir='ltr'><strong>traditur,</strong></span> <span class='ocrx_word' id='word_1_97' title='bbox 1989 505 2067 547; x_wconf 83' lang='lat' dir='ltr'><strong>sive</strong></span> <span class='ocrx_word' id='word_1_98' title='bbox 2097 505 2145 548; x_wconf 89' lang='lat' dir='ltr'><strong>de</strong></span> <span class='ocrx_word' id='word_1_99' title='bbox 2164 505 2253 548; x_wconf 80' lang='lat' dir='ltr'><strong>sub-</strong></span> 
     </span>
     <span class='ocr_line' id='line_1_20' title="bbox 1223 561 2252 628; baseline 0 -24"><span class='ocrx_word' id='word_1_100' title='bbox 1223 564 1418 617; x_wconf 80' lang='lat' dir='ltr'><strong>stantivo,</strong></span> <span class='ocrx_word' id='word_1_101' title='bbox 1448 565 1554 628; x_wconf 81' lang='lat' dir='ltr'><strong>quod</strong></span> <span class='ocrx_word' id='word_1_102' title='bbox 1586 575 1767 615; x_wconf 78' lang='lat' dir='ltr'><strong>vocant,</strong></span> <span class='ocrx_word' id='word_1_103' title='bbox 1799 563 1929 606; x_wconf 79' lang='lat' dir='ltr'><strong>verbis</strong></span> <span class='ocrx_word' id='word_1_104' title='bbox 1959 563 2153 605; x_wconf 85' lang='lat' dir='ltr'><strong>omnibus</strong></span> <span class='ocrx_word' id='word_1_105' title='bbox 2185 561 2252 604; x_wconf 87' lang='lat' dir='ltr'><strong>in-</strong></span> 
     </span>
     <span class='ocr_line' id='line_1_21' title="bbox 1219 618 2252 674; baseline 0.001 -12"><span class='ocrx_word' id='word_1_106' title='bbox 1219 620 1305 662; x_wconf 89' lang='lat' dir='ltr'><strong>dito</strong></span> <span class='ocrx_word' id='word_1_107' title='bbox 1333 652 1344 672; x_wconf 87' lang='lat'><strong>‚</strong></span> <span class='ocrx_word' id='word_1_108' title='bbox 1376 621 1554 665; x_wconf 69' lang='lat' dir='ltr'><strong>Satur-nii</strong></span> <span class='ocrx_word' id='word_1_109' title='bbox 1587 621 1640 664; x_wconf 86' lang='lat' dir='ltr'><strong>est</strong></span> <span class='ocrx_word' id='word_1_110' title='bbox 1672 620 1889 664; x_wconf 87' lang='lat' dir='ltr'><strong>inventurn</strong></span> <span class='ocrx_word' id='word_1_111' title='bbox 1921 650 1932 661; x_wconf 87' lang='lat'><strong>.</strong></span> <span class='ocrx_word' id='word_1_112' title='bbox 1979 620 2042 674; x_wconf 84' lang='lat' dir='ltr'><strong>Ap</strong></span> <span class='ocrx_word' id='word_1_113' title='bbox 2048 620 2097 662; x_wconf 92' lang='lat' dir='ltr'><strong>ud</strong></span> <span class='ocrx_word' id='word_1_114' title='bbox 2127 618 2252 663; x_wconf 87' lang='lat' dir='ltr'><strong>illum</strong></span> 
     </span>
    </p>
   </div>
   <div class='ocr_carea' id='block_1_10' title="bbox 136 675 2254 732">
    <p class='ocr_par' dir='ltr' id='par_1_10' title="bbox 136 675 2254 732">
     <span class='ocr_line' id='line_1_22' title="bbox 136 675 2254 732; baseline -0.001 -12"><span class='ocrx_word' id='word_1_115' title='bbox 136 677 310 720; x_wconf 79' lang='lat' dir='ltr'><strong>faciliori</strong></span> <span class='ocrx_word' id='word_1_116' title='bbox 348 678 413 719; x_wconf 89' lang='lat' dir='ltr'><strong>via</strong></span> <span class='ocrx_word' id='word_1_117' title='bbox 436 709 448 728; x_wconf 85' lang='lat'>‚</span> <span class='ocrx_word' id='word_1_118' title='bbox 481 678 522 720; x_wconf 86' lang='lat'>&amp;</span> <span class='ocrx_word' id='word_1_119' title='bbox 555 678 805 720; x_wconf 80' lang='lat' dir='ltr'><strong>firmioribus</strong></span> <span class='ocrx_word' id='word_1_120' title='bbox 836 693 881 718; x_wconf 89' lang='lat' dir='ltr'><strong>ac</strong></span> <span class='ocrx_word' id='word_1_121' title='bbox 917 677 1205 731; x_wconf 81' lang='lat' dir='ltr'><strong>paucioribus</strong></span> <span class='ocrx_word' id='word_1_122' title='bbox 1221 678 1381 732; x_wconf 84' lang='lat' dir='ltr'><strong>quidcm</strong></span> <span class='ocrx_word' id='word_1_123' title='bbox 1401 678 1577 720; x_wconf 84' lang='lat' dir='ltr'><strong>informe</strong></span> <span class='ocrx_word' id='word_1_124' title='bbox 1593 693 1637 720; x_wconf 90' lang='lat' dir='ltr'><strong>ac</strong></span> <span class='ocrx_word' id='word_1_125' title='bbox 1651 677 1893 727; x_wconf 85' lang='lat' dir='ltr'><strong>obscurum,</strong></span> <span class='ocrx_word' id='word_1_126' title='bbox 1917 675 1967 718; x_wconf 91' lang='lat' dir='ltr'><strong>ab</strong></span> <span class='ocrx_word' id='word_1_127' title='bbox 1984 676 2204 718; x_wconf 88' lang='lat' dir='ltr'><strong>Arnaldo</strong></span> <span class='ocrx_word' id='word_1_128' title='bbox 2183 692 2254 718; x_wconf 69' lang='lat' dir='ltr'><strong>te-</strong></span> 
     </span>
    </p>
   </div>
   <div class='ocr_carea' id='block_1_11' title="bbox 138 733 603 787">
    <p class='ocr_par' dir='ltr' id='par_1_11' title="bbox 138 733 603 787">
     <span class='ocr_line' id='line_1_23' title="bbox 138 733 603 787; baseline -0.002 -11"><span class='ocrx_word' id='word_1_129' title='bbox 138 735 334 777; x_wconf 85' lang='lat' dir='ltr'><strong>tradidere</strong></span> <span class='ocrx_word' id='word_1_130' title='bbox 366 733 603 787; x_wconf 86' lang='lat' dir='ltr'><strong>praeceptis·</strong></span> 
     </span>
    </p>
   </div>
   <div class='ocr_carea' id='block_1_12' title="bbox 135 845 1172 902">
    <p class='ocr_par' dir='ltr' id='par_1_12' title="bbox 135 845 1172 902">
     <span class='ocr_line' id='line_1_24' title="bbox 135 845 1172 902; baseline -0.002 -11"><span class='ocrx_word' id='word_1_131' title='bbox 135 847 350 891; x_wconf 86' lang='lat' dir='ltr'><strong>constituta</strong></span> <span class='ocrx_word' id='word_1_132' title='bbox 385 861 453 900; x_wconf 89' lang='lat' dir='ltr'><strong>per</strong></span> <span class='ocrx_word' id='word_1_133' title='bbox 482 861 548 888; x_wconf 86' lang='lat' dir='ltr'><strong>eos</strong></span> <span class='ocrx_word' id='word_1_134' title='bbox 566 847 654 888; x_wconf 85' lang='lat' dir='ltr'><strong>sunt</strong></span> <span class='ocrx_word' id='word_1_135' title='bbox 674 859 791 902; x_wconf 86' lang='lat' dir='ltr'><strong>atque</strong></span> <span class='ocrx_word' id='word_1_136' title='bbox 815 845 998 896; x_wconf 76' lang='lat' dir='ltr'><strong>fundata,</strong></span> <span class='ocrx_word' id='word_1_137' title='bbox 1017 847 1058 889; x_wconf 72' lang='grc' dir='ltr'><strong>δε</strong></span> <span class='ocrx_word' id='word_1_138' title='bbox 1083 847 1172 889; x_wconf 80' lang='lat' dir='ltr'><strong>Phi-</strong></span> 
     </span>
    </p>
   </div>
   <div class='ocr_carea' id='block_1_13' title="bbox 136 734 1176 844">
    <p class='ocr_par' dir='ltr' id='par_1_13' title="bbox 136 734 1176 844">
     <span class='ocr_line' id='line_1_25' title="bbox 635 734 1172 788; baseline -0.002 -12"><span class='ocrx_word' id='word_1_139' title='bbox 635 734 678 776; x_wconf 84' lang='lat'>&amp;</span> <span class='ocrx_word' id='word_1_140' title='bbox 707 750 753 776; x_wconf 90' lang='lat' dir='ltr'><strong>ea</strong></span> <span class='ocrx_word' id='word_1_141' title='bbox 779 765 792 786; x_wconf 87' lang='lat'>,</span> <span class='ocrx_word' id='word_1_142' title='bbox 824 748 911 788; x_wconf 81' lang='lat' dir='ltr'><strong>quae</strong></span> <span class='ocrx_word' id='word_1_143' title='bbox 943 734 1070 776; x_wconf 84' lang='lat' dir='ltr'><strong>firmis</strong></span> <span class='ocrx_word' id='word_1_144' title='bbox 1101 734 1172 775; x_wconf 86' lang='lat' dir='ltr'><strong>ob-</strong></span> 
     </span>
     <span class='ocr_line' id='line_1_26' title="bbox 136 764 1176 844; baseline -0.001 -11"><span class='ocrx_word' id='word_1_145' title='bbox 136 791 432 836; x_wconf 66' lang='lat' dir='ltr'><strong>servationibus,</strong></span> <span class='ocrx_word' id='word_1_146' title='bbox 475 764 639 844; x_wconf 71' lang='lat' dir='ltr'><strong>fidisque</strong></span> <span class='ocrx_word' id='word_1_147' title='bbox 686 789 928 844; x_wconf 82' lang='lat' dir='ltr'><strong>scriptorum</strong></span> <span class='ocrx_word' id='word_1_148' title='bbox 973 790 1176 843; x_wconf 79' lang='lat' dir='ltr'><strong>exemplis</strong></span> 
     </span>
    </p>
   </div>
   <div class='ocr_carea' id='block_1_14' title="bbox 1197 754 1204 892">
    <p class='ocr_par' dir='ltr' id='par_1_14' title="bbox 1197 754 1204 892">
     <span class='ocr_line' id='line_1_27' title="bbox 1197 754 1204 892; baseline 0 2578"><span class='ocrx_word' id='word_1_149' title='bbox 1197 754 1204 892; x_wconf 95' lang='lat' dir='ltr'><strong> </strong></span> 
     </span>
    </p>
   </div>
   <div class='ocr_carea' id='block_1_15' title="bbox 1222 708 2255 903">
    <p class='ocr_par' dir='ltr' id='par_1_15' title="bbox 1222 708 2255 903">
     <span class='ocr_line' id='line_1_28' title="bbox 1223 708 2249 787; baseline -0.001 -11"><span class='ocrx_word' id='word_1_150' title='bbox 1223 751 1266 776; x_wconf 88' lang='lat' dir='ltr'><strong>ro</strong></span> <span class='ocrx_word' id='word_1_151' title='bbox 1300 735 1371 776; x_wconf 83' lang='lat' dir='ltr'><strong>suae</strong></span> <span class='ocrx_word' id='word_1_152' title='bbox 1405 735 1482 777; x_wconf 91' lang='lat' dir='ltr'><strong>luci</strong></span> <span class='ocrx_word' id='word_1_153' title='bbox 1513 734 1708 777; x_wconf 89' lang='lat' dir='ltr'><strong>redditum</strong></span> <span class='ocrx_word' id='word_1_154' title='bbox 1724 749 1769 776; x_wconf 86' lang='lat' dir='ltr'><strong>ac</strong></span> <span class='ocrx_word' id='word_1_155' title='bbox 1784 708 1957 776; x_wconf 84' lang='lat' dir='ltr'><strong>feliciter</strong></span> <span class='ocrx_word' id='word_1_156' title='bbox 1971 733 2249 787; x_wconf 86' lang='lat' dir='ltr'><strong>explicatum.</strong></span> 
     </span>
     <span class='ocr_line' id='line_1_29' title="bbox 1278 789 2252 844; baseline -0.002 -10"><span class='ocrx_word' id='word_1_157' title='bbox 1278 793 1401 834; x_wconf 85' lang='lat' dir='ltr'><strong>Hanc</strong></span> <span class='ocrx_word' id='word_1_158' title='bbox 1435 805 1572 834; x_wconf 84' lang='lat' dir='ltr'><strong>autem</strong></span> <span class='ocrx_word' id='word_1_159' title='bbox 1605 789 1778 834; x_wconf 86' lang='lat' dir='ltr'><strong>Arnaldi</strong></span> <span class='ocrx_word' id='word_1_160' title='bbox 1809 790 2036 833; x_wconf 55' lang='lat' dir='ltr'><strong>doctrinam</strong></span> <span class='ocrx_word' id='word_1_161' title='bbox 2071 789 2252 844; x_wconf 81' lang='lat' dir='ltr'><strong>explica·</strong></span> 
     </span>
     <span class='ocr_line' id='line_1_30' title="bbox 1222 847 2255 903; baseline 0 -14"><span class='ocrx_word' id='word_1_162' title='bbox 1222 848 1280 890; x_wconf 87' lang='lat' dir='ltr'><strong>vit</strong></span> <span class='ocrx_word' id='word_1_163' title='bbox 1315 849 1460 900; x_wconf 73' lang='lat' dir='ltr'><strong>latius,</strong></span> <span class='ocrx_word' id='word_1_164' title='bbox 1492 862 1610 903; x_wconf 80' lang='lat' dir='ltr'><strong>atque</strong></span> <span class='ocrx_word' id='word_1_165' title='bbox 1642 848 1688 890; x_wconf 85' lang='lat' dir='ltr'><strong>ad</strong></span> <span class='ocrx_word' id='word_1_166' title='bbox 1724 848 1907 902; x_wconf 82' lang='lat' dir='ltr'><strong>linguam</strong></span> <span class='ocrx_word' id='word_1_167' title='bbox 1943 847 2255 890; x_wconf 82' lang='lat' dir='ltr'><strong>Latinamcon-</strong></span> 
     </span>
    </p>
   </div>
   <div class='ocr_carea' id='block_1_16' title="bbox 131 894 2254 1258">
    <p class='ocr_par' dir='ltr' id='par_1_16' title="bbox 131 894 2254 1258">
     <span class='ocr_line' id='line_1_31' title="bbox 137 894 2250 986; baseline 0 -39"><span class='ocrx_word' id='word_1_168' title='bbox 137 904 403 958; x_wconf 74' lang='lat' dir='ltr'><strong>Iosophorum</strong></span> <span class='ocrx_word' id='word_1_169' title='bbox 437 902 660 945; x_wconf 84' lang='lat' dir='ltr'><strong>rationibus</strong></span> <span class='ocrx_word' id='word_1_170' title='bbox 684 916 903 946; x_wconf 84' lang='lat' dir='ltr'><strong>eruerunt</strong></span> <span class='ocrx_word' id='word_1_171' title='bbox 937 903 1172 946; x_wconf 83' lang='lat' dir='ltr'><strong>Primusad-</strong></span> <span class='ocrx_word' id='word_1_172' title='bbox 1197 894 1344 986; x_wconf 39' lang='lat' dir='ltr'><strong>{tulin</strong></span> <span class='ocrx_word' id='word_1_173' title='bbox 1375 906 1418 948; x_wconf 66' lang='grc' dir='ltr'>ἃ</span> <span class='ocrx_word' id='word_1_174' title='bbox 1450 906 1495 947; x_wconf 83' lang='lat' dir='ltr'><strong>ad</strong></span> <span class='ocrx_word' id='word_1_175' title='bbox 1531 905 1643 948; x_wconf 87' lang='lat' dir='ltr'><strong>usum</strong></span> <span class='ocrx_word' id='word_1_176' title='bbox 1677 920 1894 958; x_wconf 88' lang='lat' dir='ltr'><strong>puerorum</strong></span> <span class='ocrx_word' id='word_1_177' title='bbox 1923 904 2129 960; x_wconf 69' lang='lat' dir='ltr'><strong>praeceptis</strong></span> <span class='ocrx_word' id='word_1_178' title='bbox 2156 904 2250 947; x_wconf 86' lang='lat' dir='ltr'><strong>sane</strong></span> 
     </span>
     <span class='ocr_line' id='line_1_32' title="bbox 136 958 2251 1026; baseline -0 -22"><span class='ocrx_word' id='word_1_179' title='bbox 136 960 267 1004; x_wconf 83' lang='lat' dir='ltr'><strong>versus</strong></span> <span class='ocrx_word' id='word_1_180' title='bbox 301 958 483 1014; x_wconf 83' lang='lat' dir='ltr'><strong>vulgares</strong></span> <span class='ocrx_word' id='word_1_181' title='bbox 498 960 787 1015; x_wconf 81' lang='lat' dir='ltr'><strong>grammatices</strong></span> <span class='ocrx_word' id='word_1_182' title='bbox 802 959 1005 1002; x_wconf 79' lang='lat' dir='ltr'><strong>classicum</strong></span> <span class='ocrx_word' id='word_1_183' title='bbox 1023 961 1201 1004; x_wconf 70' lang='lat' dir='ltr'><strong>cecinit&#39;</strong></span> <span class='ocrx_word' id='word_1_184' title='bbox 1219 978 1342 1026; x_wconf 74' lang='lat' dir='ltr'><strong>quarn</strong></span> <span class='ocrx_word' id='word_1_185' title='bbox 1388 962 1631 1016; x_wconf 80' lang='lat' dir='ltr'><strong>pauciffimis</strong></span> <span class='ocrx_word' id='word_1_186' title='bbox 1671 962 1715 1004; x_wconf 73' lang='grc' dir='ltr'>ἃ</span> <span class='ocrx_word' id='word_1_187' title='bbox 1752 961 2050 1014; x_wconf 75' lang='lat' dir='ltr'><strong>simplicissimis</strong></span> <span class='ocrx_word' id='word_1_188' title='bbox 2082 961 2251 1004; x_wconf 87' lang='lat' dir='ltr'><strong>concin-</strong></span> 
     </span>
     <span class='ocr_line' id='line_1_33' title="bbox 136 995 2246 1072; baseline 0 -11"><span class='ocrx_word' id='word_1_189' title='bbox 136 1017 387 1072; x_wconf 82' lang='lat' dir='ltr'><strong>Augustinus</strong></span> <span class='ocrx_word' id='word_1_190' title='bbox 415 1017 655 1070; x_wconf 83' lang='lat' dir='ltr'><strong>Saturnius,</strong></span> <span class='ocrx_word' id='word_1_191' title='bbox 690 1033 754 1059; x_wconf 81' lang='lat' dir='ltr'><strong>Vir</strong></span> <span class='ocrx_word' id='word_1_192' title='bbox 779 1017 820 1059; x_wconf 90' lang='lat' dir='ltr'><strong>in</strong></span> <span class='ocrx_word' id='word_1_193' title='bbox 851 1016 1103 1060; x_wconf 85' lang='lat' dir='ltr'><strong>confutando</strong></span> <span class='ocrx_word' id='word_1_194' title='bbox 1131 1034 1172 1059; x_wconf 88' lang='lat' dir='ltr'><strong>a-</strong></span> <span class='ocrx_word' id='word_1_195' title='bbox 1196 995 1335 1065; x_wconf 74' lang='lat' dir='ltr'><strong>inavit</strong></span> <span class='ocrx_word' id='word_1_196' title='bbox 1365 1020 1651 1063; x_wconf 73' lang='lat' dir='ltr'><strong>eruditissimus·</strong></span> <span class='ocrx_word' id='word_1_197' title='bbox 1684 1017 1988 1069; x_wconf 74' lang='lat' dir='ltr'><strong>Lancellottu5‚</strong></span> <span class='ocrx_word' id='word_1_198' title='bbox 2023 1019 2091 1072; x_wconf 83' lang='lat' dir='ltr'><strong>qui</strong></span> <span class='ocrx_word' id='word_1_199' title='bbox 2125 1034 2172 1060; x_wconf 88' lang='lat' dir='ltr'><strong>eo</strong></span> <span class='ocrx_word' id='word_1_200' title='bbox 2196 1017 2246 1061; x_wconf 91' lang='lat' dir='ltr'><strong>li-</strong></span> 
     </span>
     <span class='ocr_line' id='line_1_34' title="bbox 131 1066 2253 1133; baseline -0.001 -14"><span class='ocrx_word' id='word_1_201' title='bbox 131 1089 363 1125; x_wconf 80' lang='lat' dir='ltr'><strong>cerrirnus.,</strong></span> <span class='ocrx_word' id='word_1_202' title='bbox 408 1089 453 1116; x_wconf 90' lang='lat' dir='ltr'><strong>ac</strong></span> <span class='ocrx_word' id='word_1_203' title='bbox 496 1074 743 1117; x_wconf 88' lang='lat' dir='ltr'><strong>observando</strong></span> <span class='ocrx_word' id='word_1_204' title='bbox 776 1074 1062 1116; x_wconf 78' lang='lat' dir='ltr'><strong>acutissimus·</strong></span> <span class='ocrx_word' id='word_1_205' title='bbox 1055 1105 1066 1125; x_wconf 84' lang='lat'>,</span> <span class='ocrx_word' id='word_1_206' title='bbox 1112 1066 1200 1117; x_wconf 88' lang='lat' dir='ltr'><strong>sed</strong></span> <span class='ocrx_word' id='word_1_207' title='bbox 1219 1077 1320 1129; x_wconf 89' lang='lat' dir='ltr'><strong>bro,</strong></span> <span class='ocrx_word' id='word_1_208' title='bbox 1346 1075 1799 1140; x_wconf 80' lang='lat' dir='ltr'><strong>quemnovamlinguae</strong></span> <span class='ocrx_word' id='word_1_209' title='bbox 1815 1074 2253 1118; x_wconf 80' lang='lat' dir='ltr'><strong>Latinaeviaminscri-</strong></span> 
     </span>
     <span class='ocr_line' id='line_1_35' title="bbox 134 1130 2252 1195; baseline -0.001 -20"><span class='ocrx_word' id='word_1_210' title='bbox 134 1131 316 1175; x_wconf 82' lang='lat' dir='ltr'><strong>imbutus</strong></span> <span class='ocrx_word' id='word_1_211' title='bbox 347 1130 388 1173; x_wconf 88' lang='lat'>&amp;</span> <span class='ocrx_word' id='word_1_212' title='bbox 422 1130 501 1185; x_wconf 87' lang='lat' dir='ltr'><strong>ipse</strong></span> <span class='ocrx_word' id='word_1_213' title='bbox 528 1131 687 1185; x_wconf 83' lang='lat' dir='ltr'><strong>vulgari</strong></span> <span class='ocrx_word' id='word_1_214' title='bbox 711 1131 926 1183; x_wconf 74' lang='lat' dir='ltr'><strong>do&amp;rina,</strong></span> <span class='ocrx_word' id='word_1_215' title='bbox 955 1130 1199 1173; x_wconf 77' lang='lat' dir='ltr'><strong>contendit</strong></span> <span class='ocrx_word' id='word_1_216' title='bbox 1194 1164 1199 1195; x_wconf 73' lang='lat' dir='ltr'><strong>l</strong></span> <span class='ocrx_word' id='word_1_217' title='bbox 1220 1134 1317 1190; x_wconf 83' lang='lat' dir='ltr'><strong>psit,</strong></span> <span class='ocrx_word' id='word_1_218' title='bbox 1351 1133 1527 1176; x_wconf 81' lang='lat' dir='ltr'><strong>attexuit</strong></span> <span class='ocrx_word' id='word_1_219' title='bbox 1548 1134 1594 1176; x_wconf 85' lang='lat' dir='ltr'><strong>ad</strong></span> <span class='ocrx_word' id='word_1_220' title='bbox 1612 1132 1781 1175; x_wconf 82' lang='lat' dir='ltr'><strong>Arnaldi</strong></span> <span class='ocrx_word' id='word_1_221' title='bbox 1798 1144 2025 1183; x_wconf 82' lang='lat' dir='ltr'><strong>rationem,</strong></span> <span class='ocrx_word' id='word_1_222' title='bbox 2059 1132 2219 1188; x_wconf 83' lang='lat' dir='ltr'><strong>quicqu</strong></span> <span class='ocrx_word' id='word_1_223' title='bbox 2212 1131 2252 1174; x_wconf 82' lang='lat' dir='ltr'><strong>id</strong></span> 
     </span>
     <span class='ocr_line' id='line_1_36' title="bbox 135 1187 2254 1258; baseline 0 -27"><span class='ocrx_word' id='word_1_224' title='bbox 135 1189 232 1244; x_wconf 85' lang='lat' dir='ltr'><strong>saepe</strong></span> <span class='ocrx_word' id='word_1_225' title='bbox 262 1203 335 1244; x_wconf 85' lang='lat' dir='ltr'><strong>pro</strong></span> <span class='ocrx_word' id='word_1_226' title='bbox 367 1187 546 1242; x_wconf 83' lang='lat' dir='ltr'><strong>viribus,</strong></span> <span class='ocrx_word' id='word_1_227' title='bbox 579 1204 662 1252; x_wconf 85' lang='lat' dir='ltr'><strong>non</strong></span> <span class='ocrx_word' id='word_1_228' title='bbox 695 1200 833 1231; x_wconf 82' lang='lat' dir='ltr'><strong>tamen</strong></span> <span class='ocrx_word' id='word_1_229' title='bbox 861 1187 895 1230; x_wconf 85' lang='lat' dir='ltr'><strong>se</strong></span> <span class='ocrx_word' id='word_1_230' title='bbox 915 1188 1089 1231; x_wconf 87' lang='lat' dir='ltr'><strong>omnino</strong></span> <span class='ocrx_word' id='word_1_231' title='bbox 1103 1204 1170 1231; x_wconf 83' lang='lat' dir='ltr'><strong>ex·</strong></span> <span class='ocrx_word' id='word_1_232' title='bbox 1194 1192 1358 1258; x_wconf 52' lang='lat' dir='ltr'><strong>{utilius</strong></span> <span class='ocrx_word' id='word_1_233' title='bbox 1391 1192 1432 1233; x_wconf 87' lang='lat' dir='ltr'><strong>in</strong></span> <span class='ocrx_word' id='word_1_234' title='bbox 1457 1192 1596 1245; x_wconf 80' lang='lat' dir='ltr'><strong>lingua</strong></span> <span class='ocrx_word' id='word_1_235' title='bbox 1611 1190 1757 1233; x_wconf 87' lang='lat' dir='ltr'><strong>Latina</strong></span> <span class='ocrx_word' id='word_1_236' title='bbox 1771 1188 2096 1243; x_wconf 80' lang='lat' dir='ltr'><strong>Scioppius&amp;in</strong></span> <span class='ocrx_word' id='word_1_237' title='bbox 2115 1188 2254 1232; x_wconf 81' lang='lat' dir='ltr'><strong>suisde</strong></span> 
     </span>
    </p>
   </div>
   <div class='ocr_carea' id='block_1_17' title="bbox 129 1245 1174 2731">
    <p class='ocr_par' dir='ltr' id='par_1_17' title="bbox 129 1245 1174 2731">
     <span class='ocr_line' id='line_1_37' title="bbox 135 1245 1170 1301; baseline -0.001 -13"><span class='ocrx_word' id='word_1_238' title='bbox 135 1245 341 1301; x_wconf 84' lang='lat' dir='ltr'><strong>plicavit·</strong></span> <span class='ocrx_word' id='word_1_239' title='bbox 330 1276 344 1298; x_wconf 86' lang='lat'>,</span> <span class='ocrx_word' id='word_1_240' title='bbox 389 1259 463 1287; x_wconf 88' lang='lat' dir='ltr'><strong>nec</strong></span> <span class='ocrx_word' id='word_1_241' title='bbox 495 1256 578 1288; x_wconf 87' lang='lat' dir='ltr'><strong>tarn</strong></span> <span class='ocrx_word' id='word_1_242' title='bbox 609 1245 653 1288; x_wconf 88' lang='lat' dir='ltr'><strong>in</strong></span> <span class='ocrx_word' id='word_1_243' title='bbox 690 1245 938 1289; x_wconf 89' lang='lat' dir='ltr'><strong>inveniendo</strong></span> <span class='ocrx_word' id='word_1_244' title='bbox 969 1261 1092 1300; x_wconf 82' lang='lat' dir='ltr'><strong>quam</strong></span> <span class='ocrx_word' id='word_1_245' title='bbox 1126 1245 1170 1287; x_wconf 89' lang='lat' dir='ltr'><strong>in</strong></span> 
     </span>
     <span class='ocr_line' id='line_1_38' title="bbox 133 1301 1171 1356; baseline -0.002 -10"><span class='ocrx_word' id='word_1_246' title='bbox 133 1303 326 1346; x_wconf 86' lang='lat' dir='ltr'><strong>notandis</strong></span> <span class='ocrx_word' id='word_1_247' title='bbox 355 1301 531 1344; x_wconf 76' lang='lat' dir='ltr'><strong>aliorum</strong></span> <span class='ocrx_word' id='word_1_248' title='bbox 566 1302 735 1356; x_wconf 83' lang='lat' dir='ltr'><strong>lapsibus</strong></span> <span class='ocrx_word' id='word_1_249' title='bbox 768 1301 919 1344; x_wconf 81' lang='lat' dir='ltr'><strong>valuit</strong></span> <span class='ocrx_word' id='word_1_250' title='bbox 953 1302 1171 1346; x_wconf 78' lang='lat' dir='ltr'><strong>Excitavit</strong></span> 
     </span>
     <span class='ocr_line' id='line_1_39' title="bbox 136 1357 1168 1403; baseline 0 -1"><span class='ocrx_word' id='word_1_251' title='bbox 136 1372 275 1403; x_wconf 90' lang='lat' dir='ltr'><strong>tamen</strong></span> <span class='ocrx_word' id='word_1_252' title='bbox 321 1357 433 1401; x_wconf 86' lang='lat' dir='ltr'><strong>illius</strong></span> <span class='ocrx_word' id='word_1_253' title='bbox 466 1373 545 1402; x_wconf 77' lang='lat' dir='ltr'><strong>vox</strong></span> <span class='ocrx_word' id='word_1_254' title='bbox 574 1358 871 1402; x_wconf 82' lang='lat' dir='ltr'><strong>dilitescentem</strong></span> <span class='ocrx_word' id='word_1_255' title='bbox 905 1358 972 1401; x_wconf 83' lang='lat' dir='ltr'><strong>diu</strong></span> <span class='ocrx_word' id='word_1_256' title='bbox 1006 1360 1048 1402; x_wconf 90' lang='lat' dir='ltr'><strong>in</strong></span> <span class='ocrx_word' id='word_1_257' title='bbox 1082 1358 1168 1402; x_wconf 85' lang='lat' dir='ltr'><strong>vul-</strong></span> 
     </span>
     <span class='ocr_line' id='line_1_40' title="bbox 136 1415 1168 1473; baseline 0.001 -14"><span class='ocrx_word' id='word_1_258' title='bbox 136 1417 295 1473; x_wconf 84' lang='lat' dir='ltr'><strong>garium</strong></span> <span class='ocrx_word' id='word_1_259' title='bbox 328 1416 693 1470; x_wconf 85' lang='lat' dir='ltr'><strong>grammaticorum</strong></span> <span class='ocrx_word' id='word_1_260' title='bbox 718 1416 892 1459; x_wconf 80' lang='lat' dir='ltr'><strong>sordibus</strong></span> <span class='ocrx_word' id='word_1_261' title='bbox 906 1415 1168 1460; x_wconf 78' lang='lat' dir='ltr'><strong>studiosorum</strong></span> 
     </span>
     <span class='ocr_line' id='line_1_41' title="bbox 135 1472 1169 1529; baseline 0 -12"><span class='ocrx_word' id='word_1_262' title='bbox 135 1474 298 1517; x_wconf 87' lang='lat' dir='ltr'><strong>turbam</strong></span> <span class='ocrx_word' id='word_1_263' title='bbox 332 1487 340 1512; x_wconf 78' lang='grc' dir='ltr'><em>τ</em></span> <span class='ocrx_word' id='word_1_264' title='bbox 387 1485 430 1514; x_wconf 91' lang='lat' dir='ltr'><strong>ut</strong></span> <span class='ocrx_word' id='word_1_265' title='bbox 463 1472 524 1514; x_wconf 89' lang='lat' dir='ltr'><strong>vir</strong></span> <span class='ocrx_word' id='word_1_266' title='bbox 553 1473 721 1528; x_wconf 81' lang='lat' dir='ltr'><strong>ingenio</strong></span> <span class='ocrx_word' id='word_1_267' title='bbox 752 1472 1012 1529; x_wconf 56' lang='lat' dir='ltr'><strong>doctrinaque</strong></span> <span class='ocrx_word' id='word_1_268' title='bbox 1046 1473 1169 1518; x_wconf 84' lang='lat' dir='ltr'><strong>mira-</strong></span> 
     </span>
     <span class='ocr_line' id='line_1_42' title="bbox 132 1527 1169 1595; baseline 0.001 -22"><span class='ocrx_word' id='word_1_269' title='bbox 132 1529 226 1575; x_wconf 88' lang='lat' dir='ltr'><strong>bilis</strong></span> <span class='ocrx_word' id='word_1_270' title='bbox 260 1527 391 1580; x_wconf 88' lang='lat' dir='ltr'><strong>Julius</strong></span> <span class='ocrx_word' id='word_1_271' title='bbox 423 1528 557 1572; x_wconf 70' lang='lat' dir='ltr'><strong>Caesar</strong></span> <span class='ocrx_word' id='word_1_272' title='bbox 587 1530 770 1586; x_wconf 84' lang='lat' dir='ltr'><strong>Scaliger</strong></span> <span class='ocrx_word' id='word_1_273' title='bbox 800 1530 1055 1586; x_wconf 76' lang='lat' dir='ltr'><strong>gravissimos</strong></span> <span class='ocrx_word' id='word_1_274' title='bbox 1075 1529 1169 1595; x_wconf 80' lang='lat' dir='ltr'><strong>illos</strong></span> 
     </span>
     <span class='ocr_line' id='line_1_43' title="bbox 129 1584 1167 1643; baseline -0.001 -12"><span class='ocrx_word' id='word_1_275' title='bbox 129 1588 180 1631; x_wconf 88' lang='lat' dir='ltr'><strong>de</strong></span> <span class='ocrx_word' id='word_1_276' title='bbox 223 1584 364 1640; x_wconf 84' lang='lat' dir='ltr'><strong>cauffis</strong></span> <span class='ocrx_word' id='word_1_277' title='bbox 408 1587 548 1643; x_wconf 60' lang='lat' dir='ltr'><strong>linguat</strong></span> <span class='ocrx_word' id='word_1_278' title='bbox 589 1588 739 1630; x_wconf 81' lang='lat' dir='ltr'><strong>Latinae</strong></span> <span class='ocrx_word' id='word_1_279' title='bbox 770 1587 1093 1631; x_wconf 83' lang='lat' dir='ltr'><strong>commentarios</strong></span> <span class='ocrx_word' id='word_1_280' title='bbox 1125 1588 1167 1632; x_wconf 90' lang='lat' dir='ltr'><strong>in</strong></span> 
     </span>
     <span class='ocr_line' id='line_1_44' title="bbox 134 1643 1168 1701; baseline -0.001 -13"><span class='ocrx_word' id='word_1_281' title='bbox 134 1643 316 1688; x_wconf 88' lang='lat' dir='ltr'><strong>medium</strong></span> <span class='ocrx_word' id='word_1_282' title='bbox 349 1643 607 1699; x_wconf 82' lang='lat' dir='ltr'><strong>produxerit:</strong></span> <span class='ocrx_word' id='word_1_283' title='bbox 641 1645 784 1700; x_wconf 87' lang='lat' dir='ltr'><strong>quibus</strong></span> <span class='ocrx_word' id='word_1_284' title='bbox 814 1643 859 1687; x_wconf 82' lang='lat' dir='ltr'><strong>in</strong></span> <span class='ocrx_word' id='word_1_285' title='bbox 894 1644 1007 1688; x_wconf 81' lang='lat' dir='ltr'><strong>libris</strong></span> <span class='ocrx_word' id='word_1_286' title='bbox 1033 1645 1168 1701; x_wconf 77' lang='lat' dir='ltr'><strong>singu-</strong></span> 
     </span>
     <span class='ocr_line' id='line_1_45' title="bbox 135 1701 1165 1757; baseline 0.001 -13"><span class='ocrx_word' id='word_1_287' title='bbox 135 1701 267 1744; x_wconf 87' lang='lat' dir='ltr'><strong>larum</strong></span> <span class='ocrx_word' id='word_1_288' title='bbox 303 1713 478 1753; x_wconf 84' lang='lat' dir='ltr'><strong>partium</strong></span> <span class='ocrx_word' id='word_1_289' title='bbox 502 1701 701 1745; x_wconf 83' lang='lat' dir='ltr'><strong>orationis</strong></span> <span class='ocrx_word' id='word_1_290' title='bbox 729 1717 814 1744; x_wconf 89' lang='lat' dir='ltr'><strong>Vlm</strong></span> <span class='ocrx_word' id='word_1_291' title='bbox 836 1715 956 1757; x_wconf 88' lang='lat' dir='ltr'><strong>atque</strong></span> <span class='ocrx_word' id='word_1_292' title='bbox 979 1712 1165 1746; x_wconf 87' lang='lat' dir='ltr'><strong>naturam</strong></span> 
     </span>
     <span class='ocr_line' id='line_1_46' title="bbox 136 1757 1166 1814; baseline -0.003 -12"><span class='ocrx_word' id='word_1_293' title='bbox 136 1757 392 1802; x_wconf 74' lang='lat' dir='ltr'><strong>subtilissime</strong></span> <span class='ocrx_word' id='word_1_294' title='bbox 427 1773 527 1800; x_wconf 79' lang='lat' dir='ltr'><strong>inve</strong></span> <span class='ocrx_word' id='word_1_295' title='bbox 528 1758 686 1813; x_wconf 73' lang='lat' dir='ltr'><strong>[ligavit</strong></span> <span class='ocrx_word' id='word_1_296' title='bbox 717 1760 759 1802; x_wconf 69' lang='grc' dir='ltr'><strong>ὃς</strong></span> <span class='ocrx_word' id='word_1_297' title='bbox 793 1758 987 1814; x_wconf 83' lang='lat' dir='ltr'><strong>prodidit,</strong></span> <span class='ocrx_word' id='word_1_298' title='bbox 1027 1775 1166 1800; x_wconf 70' lang='lat' dir='ltr'><strong>cvm-a·</strong></span> 
     </span>
     <span class='ocr_line' id='line_1_47' title="bbox 133 1815 1164 1872; baseline 0.003 -17"><span class='ocrx_word' id='word_1_299' title='bbox 133 1817 218 1867; x_wconf 62' lang='lat'><strong>’55⁶0‘</strong></span> <span class='ocrx_word' id='word_1_300' title='bbox 250 1827 379 1857; x_wconf 89' lang='lat' dir='ltr'><strong>artem</strong></span> <span class='ocrx_word' id='word_1_301' title='bbox 415 1815 590 1858; x_wconf 81' lang='lat' dir='ltr'><strong>minime</strong></span> <span class='ocrx_word' id='word_1_302' title='bbox 616 1816 781 1872; x_wconf 83' lang='lat' dir='ltr'><strong>attigit</strong></span> <span class='ocrx_word' id='word_1_303' title='bbox 811 1816 1061 1859; x_wconf 74' lang='lat' dir='ltr'><strong>Exortusest</strong></span> <span class='ocrx_word' id='word_1_304' title='bbox 1077 1827 1164 1858; x_wconf 84' lang='lat' dir='ltr'><strong>tan</strong></span> 
     </span>
     <span class='ocr_line' id='line_1_48' title="bbox 133 1871 1168 1929; baseline 0 -15"><span class='ocrx_word' id='word_1_305' title='bbox 133 1873 227 1915; x_wconf 81' lang='lat' dir='ltr'><strong>dem&#39;</strong></span> <span class='ocrx_word' id='word_1_306' title='bbox 262 1871 496 1915; x_wconf 86' lang='lat' dir='ltr'><strong>Franciscus</strong></span> <span class='ocrx_word' id='word_1_307' title='bbox 527 1873 710 1916; x_wconf 62' lang='lat' dir='ltr'><strong>Sanc’tius</strong></span> <span class='ocrx_word' id='word_1_308' title='bbox 742 1873 973 1929; x_wconf 83' lang='lat' dir='ltr'><strong>Hispanus,</strong></span> <span class='ocrx_word' id='word_1_309' title='bbox 1004 1872 1072 1929; x_wconf 89' lang='lat' dir='ltr'><strong>qui</strong></span> <span class='ocrx_word' id='word_1_310' title='bbox 1107 1888 1168 1915; x_wconf 89' lang='lat' dir='ltr'><strong>ra-</strong></span> 
     </span>
     <span class='ocr_line' id='line_1_49' title="bbox 133 1928 1165 1995; baseline 0 -25"><span class='ocrx_word' id='word_1_311' title='bbox 133 1929 295 1972; x_wconf 88' lang='lat' dir='ltr'><strong>tionem</strong></span> <span class='ocrx_word' id='word_1_312' title='bbox 329 1928 661 1973; x_wconf 85' lang='lat' dir='ltr'><strong>collocandarum</strong></span> <span class='ocrx_word' id='word_1_313' title='bbox 696 1932 903 1995; x_wconf 76' lang='lat' dir='ltr'><strong>partium,</strong></span> <span class='ocrx_word' id='word_1_314' title='bbox 934 1930 1165 1973; x_wconf 59' lang='lat' dir='ltr'><strong>fiveoduw-</strong></span> 
     </span>
     <span class='ocr_line' id='line_1_50' title="bbox 136 1986 1166 2042; baseline 0.003 -18"><span class='ocrx_word' id='word_1_315' title='bbox 136 1986 217 2036; x_wconf 82' lang='grc' dir='ltr'>ξιν,</span> <span class='ocrx_word' id='word_1_316' title='bbox 251 2001 332 2027; x_wconf 91' lang='lat' dir='ltr'><strong>non</strong></span> <span class='ocrx_word' id='word_1_317' title='bbox 366 1986 487 2028; x_wconf 81' lang='lat' dir='ltr'><strong>modo</strong></span> <span class='ocrx_word' id='word_1_318' title='bbox 518 2002 566 2030; x_wconf 83' lang='lat' dir='ltr'><strong>ex</strong></span> <span class='ocrx_word' id='word_1_319' title='bbox 599 1987 765 2042; x_wconf 86' lang='lat' dir='ltr'><strong>optimis</strong></span> <span class='ocrx_word' id='word_1_320' title='bbox 791 1986 1166 2039; x_wconf 86' lang='lat' dir='ltr'><strong>observationibus,</strong></span> 
     </span>
     <span class='ocr_line' id='line_1_51' title="bbox 139 2041 1168 2097; baseline 0.002 -14"><span class='ocrx_word' id='word_1_321' title='bbox 139 2041 199 2084; x_wconf 91' lang='lat' dir='ltr'><strong>sed</strong></span> <span class='ocrx_word' id='word_1_322' title='bbox 229 2058 250 2084; x_wconf 91' lang='lat' dir='ltr'><strong>e</strong></span> <span class='ocrx_word' id='word_1_323' title='bbox 287 2042 624 2097; x_wconf 82' lang='lat' dir='ltr'><strong>Philosophorum</strong></span> <span class='ocrx_word' id='word_1_324' title='bbox 660 2044 843 2088; x_wconf 81' lang='lat' dir='ltr'><strong>fontibus</strong></span> <span class='ocrx_word' id='word_1_325' title='bbox 868 2043 1092 2096; x_wconf 75' lang='lat' dir='ltr'><strong>arcessivit,</strong></span> <span class='ocrx_word' id='word_1_326' title='bbox 1124 2042 1168 2085; x_wconf 86' lang='lat'>&amp;</span> 
     </span>
     <span class='ocr_line' id='line_1_52' title="bbox 137 2099 1167 2156; baseline -0.001 -14"><span class='ocrx_word' id='word_1_327' title='bbox 137 2099 331 2154; x_wconf 88' lang='lat' dir='ltr'><strong>quicquid</strong></span> <span class='ocrx_word' id='word_1_328' title='bbox 368 2100 608 2155; x_wconf 87' lang='lat' dir='ltr'><strong>scriptorum</strong></span> <span class='ocrx_word' id='word_1_329' title='bbox 635 2101 832 2156; x_wconf 87' lang='lat' dir='ltr'><strong>exemplis</strong></span> <span class='ocrx_word' id='word_1_330' title='bbox 860 2119 905 2145; x_wconf 88' lang='lat' dir='ltr'><strong>ac</strong></span> <span class='ocrx_word' id='word_1_331' title='bbox 926 2099 1167 2144; x_wconf 85' lang='lat' dir='ltr'><strong>testimoniis</strong></span> 
     </span>
     <span class='ocr_line' id='line_1_53' title="bbox 137 2157 1168 2213; baseline 0.001 -15"><span class='ocrx_word' id='word_1_332' title='bbox 137 2158 454 2211; x_wconf 84' lang='lat' dir='ltr'><strong>comprobavit,</strong></span> <span class='ocrx_word' id='word_1_333' title='bbox 489 2173 537 2200; x_wconf 83' lang='lat' dir='ltr'><strong>ex</strong></span> <span class='ocrx_word' id='word_1_334' title='bbox 560 2157 642 2213; x_wconf 86' lang='lat' dir='ltr'><strong>ipsa</strong></span> <span class='ocrx_word' id='word_1_335' title='bbox 665 2173 808 2202; x_wconf 89' lang='lat' dir='ltr'><strong>natura</strong></span> <span class='ocrx_word' id='word_1_336' title='bbox 829 2158 1020 2203; x_wconf 86' lang='lat' dir='ltr'><strong>deduxit.</strong></span> <span class='ocrx_word' id='word_1_337' title='bbox 1053 2157 1168 2201; x_wconf 89' lang='lat' dir='ltr'><strong>Hinc</strong></span> 
     </span>
     <span class='ocr_line' id='line_1_54' title="bbox 140 2213 1169 2269; baseline 0.002 -15"><span class='ocrx_word' id='word_1_338' title='bbox 140 2213 373 2269; x_wconf 83' lang='lat' dir='ltr'><strong>vulgarium</strong></span> <span class='ocrx_word' id='word_1_339' title='bbox 425 2213 654 2269; x_wconf 83' lang='lat' dir='ltr'><strong>regularum</strong></span> <span class='ocrx_word' id='word_1_340' title='bbox 706 2215 1011 2269; x_wconf 58' lang='lat' dir='ltr'><strong>inexplicabiles</strong></span> <span class='ocrx_word' id='word_1_341' title='bbox 1043 2229 1169 2257; x_wconf 83' lang='lat' dir='ltr'><strong>nexus</strong></span> 
     </span>
     <span class='ocr_line' id='line_1_55' title="bbox 140 2269 1169 2336; baseline 0.002 -25"><span class='ocrx_word' id='word_1_342' title='bbox 140 2269 372 2314; x_wconf 78' lang='lat' dir='ltr'><strong>felicissime</strong></span> <span class='ocrx_word' id='word_1_343' title='bbox 415 2271 630 2326; x_wconf 77' lang='lat' dir='ltr'><strong>dissolvit,</strong></span> <span class='ocrx_word' id='word_1_344' title='bbox 677 2273 751 2315; x_wconf 82' lang='lat' dir='ltr'><strong>sua.</strong></span> <span class='ocrx_word' id='word_1_345' title='bbox 745 2274 832 2336; x_wconf 78' lang='grc' dir='ltr'>&lt;](ιιε</span> <span class='ocrx_word' id='word_1_346' title='bbox 885 2273 963 2327; x_wconf 86' lang='lat' dir='ltr'><strong>ipse</strong></span> <span class='ocrx_word' id='word_1_347' title='bbox 997 2271 1169 2326; x_wconf 89' lang='lat' dir='ltr'><strong>protulit</strong></span> 
     </span>
     <span class='ocr_line' id='line_1_56' title="bbox 138 2326 1170 2385; baseline 0.004 -16"><span class='ocrx_word' id='word_1_348' title='bbox 138 2326 449 2381; x_wconf 68' lang='lat' dir='ltr'><strong>simplicissimas</strong></span> <span class='ocrx_word' id='word_1_349' title='bbox 465 2361 477 2381; x_wconf 88' lang='lat'>‚</span> <span class='ocrx_word' id='word_1_350' title='bbox 509 2345 605 2385; x_wconf 86' lang='lat' dir='ltr'><strong>quas</strong></span> <span class='ocrx_word' id='word_1_351' title='bbox 627 2329 838 2385; x_wconf 71' lang='lat' dir='ltr'><strong>Scioppius</strong></span> <span class='ocrx_word' id='word_1_352' title='bbox 857 2330 898 2372; x_wconf 65' lang='lat'><strong>81</strong></span> <span class='ocrx_word' id='word_1_353' title='bbox 919 2331 1080 2373; x_wconf 83' lang='lat' dir='ltr'><strong>Voffius</strong></span> <span class='ocrx_word' id='word_1_354' title='bbox 1098 2345 1170 2372; x_wconf 85' lang='lat' dir='ltr'><strong>cu·</strong></span> 
     </span>
     <span class='ocr_line' id='line_1_57' title="bbox 143 2385 1171 2447; baseline 0.004 -21"><span class='ocrx_word' id='word_1_355' title='bbox 143 2385 235 2447; x_wconf 80' lang='lat' dir='ltr'><strong>pide</strong></span> <span class='ocrx_word' id='word_1_356' title='bbox 266 2387 547 2440; x_wconf 85' lang='lat' dir='ltr'><strong>arripuerunt:</strong></span> <span class='ocrx_word' id='word_1_357' title='bbox 582 2402 656 2430; x_wconf 87' lang='lat' dir='ltr'><strong>nec</strong></span> <span class='ocrx_word' id='word_1_358' title='bbox 689 2388 808 2430; x_wconf 87' lang='lat' dir='ltr'><strong>modo</strong></span> <span class='ocrx_word' id='word_1_359' title='bbox 841 2386 1171 2430; x_wconf 84' lang='lat' dir='ltr'><strong>luminibusinde</strong></span> 
     </span>
     <span class='ocr_line' id='line_1_58' title="bbox 141 2441 1166 2498; baseline 0.004 -15"><span class='ocrx_word' id='word_1_360' title='bbox 141 2441 332 2485; x_wconf 80' lang='lat' dir='ltr'><strong>excitatis</strong></span> <span class='ocrx_word' id='word_1_361' title='bbox 365 2443 617 2486; x_wconf 83' lang='lat' dir='ltr'><strong>latinitatem</strong></span> <span class='ocrx_word' id='word_1_362' title='bbox 652 2444 902 2492; x_wconf 78' lang='lat' dir='ltr'><strong>illustrarunt</strong></span> <span class='ocrx_word' id='word_1_363' title='bbox 926 2444 984 2487; x_wconf 88' lang='lat' dir='ltr'><strong>sed</strong></span> <span class='ocrx_word' id='word_1_364' title='bbox 1005 2445 1052 2487; x_wconf 86' lang='lat' dir='ltr'><strong>ad</strong></span> <span class='ocrx_word' id='word_1_365' title='bbox 1075 2460 1166 2498; x_wconf 87' lang='lat' dir='ltr'><strong>pue-</strong></span> 
     </span>
     <span class='ocr_line' id='line_1_59' title="bbox 145 2500 1174 2556; baseline 0.003 -16"><span class='ocrx_word' id='word_1_366' title='bbox 145 2513 284 2541; x_wconf 87' lang='lat' dir='ltr'><strong>rorum</strong></span> <span class='ocrx_word' id='word_1_367' title='bbox 317 2500 430 2544; x_wconf 87' lang='lat' dir='ltr'><strong>usum</strong></span> <span class='ocrx_word' id='word_1_368' title='bbox 456 2501 605 2544; x_wconf 57' lang='lat' dir='ltr'><strong>sanctii</strong></span> <span class='ocrx_word' id='word_1_369' title='bbox 633 2502 919 2556; x_wconf 80' lang='lat' dir='ltr'><strong>praeceptiones</strong></span> <span class='ocrx_word' id='word_1_370' title='bbox 941 2501 1174 2544; x_wconf 83' lang='lat' dir='ltr'><strong>formarunt</strong></span> 
     </span>
     <span class='ocr_line' id='line_1_60' title="bbox 145 2556 1171 2614; baseline 0.005 -18"><span class='ocrx_word' id='word_1_371' title='bbox 145 2567 264 2611; x_wconf 88' lang='lat' dir='ltr'><strong>atque</strong></span> <span class='ocrx_word' id='word_1_372' title='bbox 296 2556 518 2601; x_wconf 83' lang='lat' dir='ltr'><strong>flexerunt.</strong></span> <span class='ocrx_word' id='word_1_373' title='bbox 555 2560 713 2602; x_wconf 83' lang='lat' dir='ltr'><strong>Verum</strong></span> <span class='ocrx_word' id='word_1_374' title='bbox 745 2559 878 2602; x_wconf 72' lang='lat' dir='ltr'><strong>existit</strong></span> <span class='ocrx_word' id='word_1_375' title='bbox 906 2575 1033 2614; x_wconf 90' lang='lat' dir='ltr'><strong>nuper</strong></span> <span class='ocrx_word' id='word_1_376' title='bbox 1050 2560 1171 2603; x_wconf 84' lang='lat' dir='ltr'><strong>scien</strong></span> 
     </span>
     <span class='ocr_line' id='line_1_61' title="bbox 146 2612 1169 2679; baseline 0.006 -26"><span class='ocrx_word' id='word_1_377' title='bbox 146 2612 328 2655; x_wconf 78' lang='lat' dir='ltr'><strong>riarum</strong></span> <span class='ocrx_word' id='word_1_378' title='bbox 348 2617 682 2672; x_wconf 79' lang='lat' dir='ltr'><strong>optimorumque</strong></span> <span class='ocrx_word' id='word_1_379' title='bbox 740 2617 1021 2679; x_wconf 80' lang='lat' dir='ltr'><strong>institutorum</strong></span> <span class='ocrx_word' id='word_1_380' title='bbox 1075 2632 1169 2659; x_wconf 89' lang='lat' dir='ltr'><strong>om-</strong></span> 
     </span>
     <span class='ocr_line' id='line_1_62' title="bbox 148 2669 1173 2731; baseline 0.005 -20"><span class='ocrx_word' id='word_1_381' title='bbox 148 2670 266 2712; x_wconf 87' lang='lat' dir='ltr'><strong>nium</strong></span> <span class='ocrx_word' id='word_1_382' title='bbox 295 2669 364 2713; x_wconf 83' lang='lat' dir='ltr'><strong>fax</strong></span> <span class='ocrx_word' id='word_1_383' title='bbox 398 2673 630 2727; x_wconf 84' lang='lat' dir='ltr'><strong>Arnaldus,</strong></span> <span class='ocrx_word' id='word_1_384' title='bbox 661 2674 729 2731; x_wconf 88' lang='lat' dir='ltr'><strong>qui</strong></span> <span class='ocrx_word' id='word_1_385' title='bbox 761 2674 1080 2731; x_wconf 84' lang='lat' dir='ltr'><strong>grammaticam</strong></span> <span class='ocrx_word' id='word_1_386' title='bbox 1113 2689 1173 2717; x_wconf 86' lang='lat' dir='ltr'><strong>ar·</strong></span> 
     </span>
    </p>
   </div>
   <div class='ocr_carea' id='block_1_18' title="bbox 146 2840 475 2855">
    <p class='ocr_par' dir='ltr' id='par_1_18' title="bbox 146 2840 475 2855">
     <span class='ocr_line' id='line_1_63' title="bbox 146 2840 475 2855; baseline 0.006 -2"><span class='ocrx_word' id='word_1_387' title='bbox 146 2840 475 2855; x_wconf 34' lang='lat' dir='ltr'><strong>——u-w-ss-</strong></span> 
     </span>
    </p>
   </div>
   <div class='ocr_carea' id='block_1_19' title="bbox 479 2847 587 2855">
    <p class='ocr_par' dir='ltr' id='par_1_19' title="bbox 479 2847 587 2855">
     <span class='ocr_line' id='line_1_64' title="bbox 479 2847 587 2855; baseline 0 0"><span class='ocrx_word' id='word_1_388' title='bbox 479 2847 587 2855; x_wconf 95' lang='lat' dir='ltr'><strong> </strong></span> 
     </span>
    </p>
   </div>
   <div class='ocr_carea' id='block_1_20' title="bbox 590 2848 944 2860">
    <p class='ocr_par' dir='ltr' id='par_1_20' title="bbox 590 2848 944 2860">
     <span class='ocr_line' id='line_1_65' title="bbox 590 2848 944 2860; baseline 0.003 -3"><span class='ocrx_word' id='word_1_389' title='bbox 590 2848 912 2860; x_wconf 51' lang='grc' dir='ltr'>οι--α--ηι-ς</span> <span class='ocrx_word' id='word_1_390' title='bbox 918 2850 944 2858; x_wconf 67' lang='grc' dir='ltr'><strong>ι-</strong></span> 
     </span>
    </p>
   </div>
   <div class='ocr_carea' id='block_1_21' title="bbox 149 2875 1173 2955">
    <p class='ocr_par' dir='ltr' id='par_1_21' title="bbox 149 2875 1173 2955">
     <span class='ocr_line' id='line_1_66' title="bbox 193 2875 1173 2920; baseline 0.008 -16"><span class='ocrx_word' id='word_1_391' title='bbox 193 2875 242 2913; x_wconf 79' lang='lat'><strong>(⁴¹</strong></span> <span class='ocrx_word' id='word_1_392' title='bbox 255 2875 272 2913; x_wconf 84' lang='lat'>)</span> <span class='ocrx_word' id='word_1_393' title='bbox 311 2877 395 2914; x_wconf 80' lang='lat' dir='ltr'><strong>Quis</strong></span> <span class='ocrx_word' id='word_1_394' title='bbox 425 2876 463 2908; x_wconf 82' lang='lat' dir='ltr'><strong>fit</strong></span> <span class='ocrx_word' id='word_1_395' title='bbox 497 2877 716 2919; x_wconf 82' lang='lat' dir='ltr'><strong>Reginerius,</strong></span> <span class='ocrx_word' id='word_1_396' title='bbox 745 2881 795 2911; x_wconf 82' lang='lat' dir='ltr'><strong>eui</strong></span> <span class='ocrx_word' id='word_1_397' title='bbox 819 2878 881 2911; x_wconf 89' lang='lat' dir='ltr'><strong>hoc</strong></span> <span class='ocrx_word' id='word_1_398' title='bbox 907 2879 1101 2920; x_wconf 85' lang='lat' dir='ltr'><strong>opusculum</strong></span> <span class='ocrx_word' id='word_1_399' title='bbox 1129 2893 1173 2912; x_wconf 78' lang='grc' dir='ltr'>ιιι-</span> 
     </span>
     <span class='ocr_line' id='line_1_67' title="bbox 149 2917 703 2955; baseline 0.007 -7"><span class='ocrx_word' id='word_1_400' title='bbox 149 2917 300 2952; x_wconf 81' lang='lat' dir='ltr'><strong>scribitur</strong></span> <span class='ocrx_word' id='word_1_401' title='bbox 328 2942 338 2955; x_wconf 83' lang='lat'><strong>..</strong></span> <span class='ocrx_word' id='word_1_402' title='bbox 382 2920 526 2954; x_wconf 84' lang='lat' dir='ltr'><strong>nondum</strong></span> <span class='ocrx_word' id='word_1_403' title='bbox 567 2921 665 2954; x_wconf 87' lang='lat' dir='ltr'><strong>didici</strong></span> <span class='ocrx_word' id='word_1_404' title='bbox 693 2941 703 2952; x_wconf 86' lang='lat'><strong>.</strong></span> 
     </span>
    </p>
   </div>
   <div class='ocr_carea' id='block_1_22' title="bbox 946 2850 1055 2859">
    <p class='ocr_par' dir='ltr' id='par_1_22' title="bbox 946 2850 1055 2859">
     <span class='ocr_line' id='line_1_68' title="bbox 946 2850 1055 2859; baseline 0 611"><span class='ocrx_word' id='word_1_405' title='bbox 946 2850 1055 2859; x_wconf 95' lang='lat' dir='ltr'><strong> </strong></span> 
     </span>
    </p>
   </div>
   <div class='ocr_carea' id='block_1_23' title="bbox 142 2964 1208 3012">
    <p class='ocr_par' dir='ltr' id='par_1_23' title="bbox 142 2964 1208 3012">
     <span class='ocr_line' id='line_1_69' title="bbox 142 2964 1208 3012; baseline 0.007 -17"><span class='ocrx_word' id='word_1_406' title='bbox 142 2965 294 2996; x_wconf 78' lang='lat' dir='ltr'><strong>Gravina</strong></span> <span class='ocrx_word' id='word_1_407' title='bbox 317 2964 439 2998; x_wconf 82' lang='lat' dir='ltr'><strong>sortem</strong></span> <span class='ocrx_word' id='word_1_408' title='bbox 473 2965 576 2999; x_wconf 81' lang='lat' dir='ltr'><strong>Italiae</strong></span> <span class='ocrx_word' id='word_1_409' title='bbox 590 2987 600 3003; x_wconf 81' lang='lat'>‚</span> <span class='ocrx_word' id='word_1_410' title='bbox 627 2976 699 3008; x_wconf 84' lang='lat' dir='ltr'><strong>quae</strong></span> <span class='ocrx_word' id='word_1_411' title='bbox 714 2977 788 2999; x_wconf 85' lang='lat' dir='ltr'><strong>cum</strong></span> <span class='ocrx_word' id='word_1_412' title='bbox 803 2976 878 3000; x_wconf 78' lang='lat' dir='ltr'><strong>ante</strong></span> <span class='ocrx_word' id='word_1_413' title='bbox 897 2969 996 3007; x_wconf 85' lang='lat' dir='ltr'><strong>bina,</strong></span> <span class='ocrx_word' id='word_1_414' title='bbox 1024 2971 1074 3001; x_wconf 84' lang='lat' dir='ltr'><strong>vel</strong></span> <span class='ocrx_word' id='word_1_415' title='bbox 1091 2970 1208 3012; x_wconf 88' lang='lat' dir='ltr'><strong>quod</strong></span> 
     </span>
    </p>
   </div>
   <div class='ocr_carea' id='block_1_24' title="bbox 138 3010 1180 3143">
    <p class='ocr_par' dir='ltr' id='par_1_24' title="bbox 138 3010 1175 3143">
     <span class='ocr_line' id='line_1_70' title="bbox 141 3010 1175 3049; baseline 0.007 -10"><span class='ocrx_word' id='word_1_416' title='bbox 141 3010 312 3049; x_wconf 64' lang='lat' dir='ltr'><strong>excurrit,</strong></span> <span class='ocrx_word' id='word_1_417' title='bbox 350 3010 452 3042; x_wconf 77' lang='lat' dir='ltr'><strong>secula</strong></span> <span class='ocrx_word' id='word_1_418' title='bbox 490 3011 630 3046; x_wconf 76' lang='lat' dir='ltr'><strong>ediderit</strong></span> <span class='ocrx_word' id='word_1_419' title='bbox 655 3013 804 3044; x_wconf 80' lang='lat' dir='ltr'><strong>omnium</strong></span> <span class='ocrx_word' id='word_1_420' title='bbox 832 3022 881 3044; x_wconf 82' lang='lat' dir='ltr'><strong>art</strong></span> <span class='ocrx_word' id='word_1_421' title='bbox 887 3014 952 3044; x_wconf 81' lang='lat' dir='ltr'><strong>ium</strong></span> <span class='ocrx_word' id='word_1_422' title='bbox 979 3013 1098 3045; x_wconf 80' lang='lat' dir='ltr'><strong>instaur</strong></span> <span class='ocrx_word' id='word_1_423' title='bbox 1101 3023 1175 3046; x_wconf 86' lang='lat' dir='ltr'><strong>ato-</strong></span> 
     </span>
     <span class='ocr_line' id='line_1_71' title="bbox 148 3055 1175 3106; baseline 0.006 -22"><span class='ocrx_word' id='word_1_424' title='bbox 148 3062 200 3084; x_wconf 79' lang='lat' dir='ltr'><strong>res</strong></span> <span class='ocrx_word' id='word_1_425' title='bbox 219 3076 228 3093; x_wconf 85' lang='lat'>,</span> <span class='ocrx_word' id='word_1_426' title='bbox 264 3055 328 3093; x_wconf 78' lang='lat' dir='ltr'><strong>jam</strong></span> <span class='ocrx_word' id='word_1_427' title='bbox 355 3066 467 3106; x_wconf 80' lang='lat' dir='ltr'><strong>parum</strong></span> <span class='ocrx_word' id='word_1_428' title='bbox 494 3057 602 3095; x_wconf 81' lang='lat' dir='ltr'><strong>absit,</strong></span> <span class='ocrx_word' id='word_1_429' title='bbox 629 3057 707 3098; x_wconf 72' lang='lat' dir='ltr'><strong>quin</strong></span> <span class='ocrx_word' id='word_1_430' title='bbox 733 3057 764 3088; x_wconf 84' lang='lat' dir='ltr'><strong>in</strong></span> <span class='ocrx_word' id='word_1_431' title='bbox 789 3057 879 3089; x_wconf 84' lang='lat' dir='ltr'><strong>cultu</strong></span> <span class='ocrx_word' id='word_1_432' title='bbox 906 3056 926 3086; x_wconf 85' lang='lat' dir='ltr'><strong>l‘·</strong></span> <span class='ocrx_word' id='word_1_433' title='bbox 921 3067 980 3088; x_wconf 61' lang='lat' dir='ltr'><strong>we</strong></span> <span class='ocrx_word' id='word_1_434' title='bbox 983 3069 1076 3089; x_wconf 81' lang='lat' dir='ltr'><strong>arum</strong></span> <span class='ocrx_word' id='word_1_435' title='bbox 1100 3058 1175 3099; x_wconf 86' lang='lat' dir='ltr'><strong>ple-</strong></span> 
     </span>
     <span class='ocr_line' id='line_1_72' title="bbox 138 3096 1180 3143; baseline 0.004 -14"><span class='ocrx_word' id='word_1_436' title='bbox 138 3096 248 3140; x_wconf 65' lang='lat' dir='ltr'><strong>xisque</strong></span> <span class='ocrx_word' id='word_1_437' title='bbox 273 3101 380 3143; x_wconf 77' lang='lat' dir='ltr'><strong>regnis</strong></span> <span class='ocrx_word' id='word_1_438' title='bbox 406 3104 544 3143; x_wconf 75' lang='lat' dir='ltr'><strong>Europae</strong></span> <span class='ocrx_word' id='word_1_439' title='bbox 571 3102 690 3134; x_wconf 81' lang='lat' dir='ltr'><strong>cedat.</strong></span> <span class='ocrx_word' id='word_1_440' title='bbox 718 3101 817 3140; x_wconf 75' lang='lat' dir='ltr'><strong>Susp=</strong></span> <span class='ocrx_word' id='word_1_441' title='bbox 814 3112 865 3133; x_wconf 85' lang='grc' dir='ltr'><strong>;.ε</strong></span> <span class='ocrx_word' id='word_1_442' title='bbox 892 3101 982 3139; x_wconf 69' lang='lat' dir='ltr'><strong>fere,</strong></span> <span class='ocrx_word' id='word_1_443' title='bbox 1009 3100 1064 3133; x_wconf 75' lang='lat' dir='ltr'><strong>hui</strong></span> <span class='ocrx_word' id='word_1_444' title='bbox 1072 3113 1086 3133; x_wconf 88' lang='lat' dir='ltr'><strong>c</strong></span> <span class='ocrx_word' id='word_1_445' title='bbox 1111 3104 1180 3141; x_wconf 77' lang='lat' dir='ltr'><strong>epi·-</strong></span> 
     </span>
    </p>
   </div>
   <div class='ocr_carea' id='block_1_25' title="bbox 135 3131 1179 3187">
    <p class='ocr_par' dir='ltr' id='par_1_25' title="bbox 135 3131 1179 3187">
     <span class='ocr_line' id='line_1_73' title="bbox 135 3131 1179 3187; baseline 0.004 -11"><span class='ocrx_word' id='word_1_446' title='bbox 135 3140 227 3176; x_wconf 70' lang='lat' dir='ltr'><strong>stola</strong></span> <span class='ocrx_word' id='word_1_447' title='bbox 257 3143 300 3180; x_wconf 84' lang='lat' dir='ltr'><strong>de</strong></span> <span class='ocrx_word' id='word_1_448' title='bbox 333 3145 545 3181; x_wconf 66' lang='lat' dir='ltr'><strong>conversione</strong></span> <span class='ocrx_word' id='word_1_449' title='bbox 585 3146 811 3181; x_wconf 63' lang='lat' dir='ltr'><strong>doetrinirun</strong></span> <span class='ocrx_word' id='word_1_450' title='bbox 848 3146 954 3187; x_wconf 68' lang='lat' dir='ltr'><strong>multa</strong></span> <span class='ocrx_word' id='word_1_451' title='bbox 996 3146 1090 3180; x_wconf 79' lang='lat' dir='ltr'><strong>illata</strong></span> <span class='ocrx_word' id='word_1_452' title='bbox 1112 3131 1179 3180; x_wconf 69' lang='lat' dir='ltr'><strong>e&#39;ffe</strong></span> 
     </span>
    </p>
   </div>
   <div class='ocr_carea' id='block_1_26' title="bbox 1069 2853 1177 2860">
    <p class='ocr_par' dir='ltr' id='par_1_26' title="bbox 1069 2853 1177 2860">
     <span class='ocr_line' id='line_1_74' title="bbox 1069 2853 1177 2860; baseline 0 0"><span class='ocrx_word' id='word_1_453' title='bbox 1069 2853 1177 2860; x_wconf 95' lang='lat' dir='ltr'><strong> </strong></span> 
     </span>
    </p>
   </div>
   <div class='ocr_carea' id='block_1_27' title="bbox 749 2719 2260 2974">
    <p class='ocr_par' dir='ltr' id='par_1_27' title="bbox 749 2719 2260 2958">
     <span class='ocr_line' id='line_1_75' title="bbox 2136 2719 2260 2773; baseline -0.008 -11"><span class='ocrx_word' id='word_1_454' title='bbox 2136 2719 2230 2763; x_wconf 86' lang='lat' dir='ltr'><strong>liata</strong></span> <span class='ocrx_word' id='word_1_455' title='bbox 2245 2749 2260 2773; x_wconf 81' lang='lat'><strong>,</strong></span> 
     </span>
     <span class='ocr_line' id='line_1_76' title="bbox 749 2727 2260 2974; baseline -0.009 -20"><span class='ocrx_word' id='word_1_456' title='bbox 749 2924 846 2956; x_wconf 90' lang='lat' dir='ltr'><strong>Dolet</strong></span> <span class='ocrx_word' id='word_1_457' title='bbox 885 2935 964 2956; x_wconf 89' lang='lat' dir='ltr'><strong>vero</strong></span> <span class='ocrx_word' id='word_1_458' title='bbox 991 2925 1019 2955; x_wconf 67' lang='lat'><strong>8:</strong></span> <span class='ocrx_word' id='word_1_459' title='bbox 1044 2727 1446 2974; x_wconf 47' lang='lat' dir='ltr'><strong>excusatliri*</strong></span> <span class='ocrx_word' id='word_1_460' title='bbox 1283 2936 1321 2965; x_wconf 83' lang='lat' dir='ltr'><strong>ep</strong></span> <span class='ocrx_word' id='word_1_461' title='bbox 1326 2923 1418 2956; x_wconf 82' lang='lat' dir='ltr'><strong>istola</strong></span> <span class='ocrx_word' id='word_1_462' title='bbox 1443 2920 1483 2953; x_wconf 77' lang='lat' dir='ltr'><strong>ad</strong></span> <span class='ocrx_word' id='word_1_463' title='bbox 1511 2923 1556 2951; x_wconf 53' lang='lat' dir='ltr'><strong>Ha.</strong></span> <span class='ocrx_word' id='word_1_464' title='bbox 1563 2919 1689 2951; x_wconf 77' lang='lat' dir='ltr'><strong>micum</strong></span> <span class='ocrx_word' id='word_1_465' title='bbox 1716 2917 1933 2951; x_wconf 61' lang='lat' dir='ltr'><strong>Huxfsenium</strong></span> <span class='ocrx_word' id='word_1_466' title='bbox 1976 2914 2044 2952; x_wconf 72' lang='lat' dir='ltr'><strong>‚Sc</strong></span> <span class='ocrx_word' id='word_1_467' title='bbox 2069 2921 2167 2954; x_wconf 85' lang='lat' dir='ltr'><strong>quem</strong></span> <span class='ocrx_word' id='word_1_468' title='bbox 2195 2912 2260 2941; x_wconf 80' lang='lat' dir='ltr'><strong>Au-</strong></span> 
     </span>
    </p>
   </div>
   <div class='ocr_carea' id='block_1_28' title="bbox 1215 1245 2257 1700">
    <p class='ocr_par' dir='ltr' id='par_1_28' title="bbox 1216 1245 2257 1531">
     <span class='ocr_line' id='line_1_77' title="bbox 1217 1245 2252 1304; baseline -0.004 -14"><span class='ocrx_word' id='word_1_469' title='bbox 1217 1261 1300 1290; x_wconf 80' lang='lat' dir='ltr'><strong>arte</strong></span> <span class='ocrx_word' id='word_1_470' title='bbox 1329 1249 1589 1304; x_wconf 76' lang='lat' dir='ltr'><strong>grammatica</strong></span> <span class='ocrx_word' id='word_1_471' title='bbox 1622 1245 1904 1289; x_wconf 83' lang='lat' dir='ltr'><strong>voluminibus</strong></span> <span class='ocrx_word' id='word_1_472' title='bbox 1939 1246 2097 1288; x_wconf 74' lang='lat' dir='ltr'><strong>Vossius</strong></span> <span class='ocrx_word' id='word_1_473' title='bbox 2118 1245 2252 1288; x_wconf 81' lang='lat' dir='ltr'><strong>obler-</strong></span> 
     </span>
     <span class='ocr_line' id='line_1_78' title="bbox 1219 1301 2252 1366; baseline -0.003 -18"><span class='ocrx_word' id='word_1_474' title='bbox 1219 1318 1392 1358; x_wconf 87' lang='lat' dir='ltr'><strong>varunt,</strong></span> <span class='ocrx_word' id='word_1_475' title='bbox 1427 1319 1471 1348; x_wconf 83' lang='lat' dir='ltr'><strong>ut</strong></span> <span class='ocrx_word' id='word_1_476' title='bbox 1505 1305 1581 1347; x_wconf 82' lang='lat' dir='ltr'><strong>hoc</strong></span> <span class='ocrx_word' id='word_1_477' title='bbox 1613 1318 1696 1347; x_wconf 88' lang='lat' dir='ltr'><strong>uno</strong></span> <span class='ocrx_word' id='word_1_478' title='bbox 1729 1301 1835 1345; x_wconf 90' lang='lat' dir='ltr'><strong>libro</strong></span> <span class='ocrx_word' id='word_1_479' title='bbox 1868 1318 1888 1344; x_wconf 90' lang='lat' dir='ltr'><strong>a</strong></span> <span class='ocrx_word' id='word_1_480' title='bbox 1922 1315 1980 1363; x_wconf 84' lang='lat' dir='ltr'><strong>rot</strong></span> <span class='ocrx_word' id='word_1_481' title='bbox 2015 1301 2252 1366; x_wconf 77' lang='lat' dir='ltr'><strong>vulgarium</strong></span> 
     </span>
     <span class='ocr_line' id='line_1_79' title="bbox 1216 1358 2257 1425; baseline -0.005 -19"><span class='ocrx_word' id='word_1_482' title='bbox 1216 1363 1583 1425; x_wconf 83' lang='lat' dir='ltr'><strong>grammaticorum</strong></span> <span class='ocrx_word' id='word_1_483' title='bbox 1618 1359 1735 1413; x_wconf 78' lang='lat' dir='ltr'><strong>nugis</strong></span> <span class='ocrx_word' id='word_1_484' title='bbox 1758 1390 1771 1412; x_wconf 87' lang='lat'>‚</span> <span class='ocrx_word' id='word_1_485' title='bbox 1803 1358 1976 1414; x_wconf 81' lang='lat' dir='ltr'><strong>quibus</strong></span> <span class='ocrx_word' id='word_1_486' title='bbox 1970 1374 2028 1408; x_wconf 74' lang='grc' dir='ltr'><strong>ιιι</strong></span> <span class='ocrx_word' id='word_1_487' title='bbox 2017 1372 2156 1401; x_wconf 80' lang='lat' dir='ltr'><strong>entus</strong></span> <span class='ocrx_word' id='word_1_488' title='bbox 2173 1375 2257 1401; x_wconf 81' lang='lat' dir='ltr'><strong>mi·</strong></span> 
     </span>
     <span class='ocr_line' id='line_1_80' title="bbox 1217 1415 2255 1471; baseline -0.005 -9"><span class='ocrx_word' id='word_1_489' title='bbox 1217 1420 1382 1462; x_wconf 85' lang='lat' dir='ltr'><strong>serrime</strong></span> <span class='ocrx_word' id='word_1_490' title='bbox 1405 1431 1578 1471; x_wconf 80' lang='lat' dir='ltr'><strong>teritur,</strong></span> <span class='ocrx_word' id='word_1_491' title='bbox 1610 1429 1648 1460; x_wconf 90' lang='lat' dir='ltr'><strong>te</strong></span> <span class='ocrx_word' id='word_1_492' title='bbox 1668 1415 1922 1469; x_wconf 78' lang='lat' dir='ltr'><strong>felicissime,</strong></span> <span class='ocrx_word' id='word_1_493' title='bbox 1942 1431 2024 1457; x_wconf 84' lang='lat' dir='ltr'><strong>non</strong></span> <span class='ocrx_word' id='word_1_494' title='bbox 2050 1415 2128 1458; x_wconf 72' lang='lat' dir='ltr'><strong>sine</strong></span> <span class='ocrx_word' id='word_1_495' title='bbox 2145 1415 2196 1457; x_wconf 81' lang='lat' dir='ltr'><strong>lal</strong></span> <span class='ocrx_word' id='word_1_496' title='bbox 2198 1432 2255 1457; x_wconf 72' lang='lat' dir='ltr'><strong>m-</strong></span> 
     </span>
     <span class='ocr_line' id='line_1_81' title="bbox 1218 1472 2254 1531; baseline -0.007 -11"><span class='ocrx_word' id='word_1_497' title='bbox 1218 1478 1327 1520; x_wconf 61' lang='lat' dir='ltr'><strong>ribas</strong></span> <span class='ocrx_word' id='word_1_498' title='bbox 1358 1476 1630 1531; x_wconf 83' lang='lat' dir='ltr'><strong>temporisque</strong></span> <span class='ocrx_word' id='word_1_499' title='bbox 1653 1473 1922 1528; x_wconf 79' lang='lat' dir='ltr'><strong>compendio,</strong></span> <span class='ocrx_word' id='word_1_500' title='bbox 1956 1472 2203 1515; x_wconf 65' lang='lat' dir='ltr'><strong>vindicavie·</strong></span> <span class='ocrx_word' id='word_1_501' title='bbox 2198 1489 2254 1515; x_wconf 65' lang='grc' dir='ltr'><strong>ις.</strong></span> 
     </span>
    </p>

    <p class='ocr_par' dir='ltr' id='par_1_29' title="bbox 1215 1530 2255 1700">
     <span class='ocr_line' id='line_1_82' title="bbox 1216 1530 2255 1584; baseline -0.006 -7"><span class='ocrx_word' id='word_1_502' title='bbox 1216 1535 1354 1578; x_wconf 85' lang='lat' dir='ltr'><strong>Habes</strong></span> <span class='ocrx_word' id='word_1_503' title='bbox 1379 1533 1557 1576; x_wconf 83' lang='lat' dir='ltr'><strong>breviter</strong></span> <span class='ocrx_word' id='word_1_504' title='bbox 1578 1531 1726 1574; x_wconf 50' lang='lat' dir='ltr'><strong>rectam</strong></span> <span class='ocrx_word' id='word_1_505' title='bbox 1749 1530 1991 1572; x_wconf 66' lang='lat' dir='ltr'><strong>addiscendae</strong></span> <span class='ocrx_word' id='word_1_506' title='bbox 2013 1530 2163 1584; x_wconf 63' lang='lat' dir='ltr'><strong>lingua</strong></span> <span class='ocrx_word' id='word_1_507' title='bbox 2182 1533 2209 1572; x_wconf 90' lang='lat' dir='ltr'><strong>l</strong></span> <span class='ocrx_word' id='word_1_508' title='bbox 2214 1545 2255 1571; x_wconf 82' lang='lat' dir='ltr'><strong>a·</strong></span> 
     </span>
     <span class='ocr_line' id='line_1_83' title="bbox 1218 1586 2254 1642; baseline -0.005 -8"><span class='ocrx_word' id='word_1_509' title='bbox 1218 1592 1313 1634; x_wconf 80' lang='lat' dir='ltr'><strong>tinae</strong></span> <span class='ocrx_word' id='word_1_510' title='bbox 1346 1591 1579 1642; x_wconf 81' lang='lat' dir='ltr'><strong>rationem3</strong></span> <span class='ocrx_word' id='word_1_511' title='bbox 1616 1604 1724 1631; x_wconf 85' lang='lat' dir='ltr'><strong>nunc</strong></span> <span class='ocrx_word' id='word_1_512' title='bbox 1759 1588 1835 1640; x_wconf 84' lang='lat' dir='ltr'><strong>iis,</strong></span> <span class='ocrx_word' id='word_1_513' title='bbox 1865 1602 1965 1642; x_wconf 81' lang='lat' dir='ltr'><strong>quos</strong></span> <span class='ocrx_word' id='word_1_514' title='bbox 1983 1586 2118 1640; x_wconf 87' lang='lat' dir='ltr'><strong>procul</strong></span> <span class='ocrx_word' id='word_1_515' title='bbox 2138 1589 2254 1629; x_wconf 74' lang='lat' dir='ltr'><strong>nobis</strong></span> 
     </span>
     <span class='ocr_line' id='line_1_84' title="bbox 1215 1644 2215 1700; baseline -0.005 -9"><span class='ocrx_word' id='word_1_516' title='bbox 1215 1648 1381 1692; x_wconf 83' lang='lat' dir='ltr'><strong>obviarn</strong></span> <span class='ocrx_word' id='word_1_517' title='bbox 1415 1648 1552 1691; x_wconf 84' lang='lat' dir='ltr'><strong>venire</strong></span> <span class='ocrx_word' id='word_1_518' title='bbox 1585 1646 1817 1699; x_wconf 68' lang='lat' dir='ltr'><strong>ceramina,</strong></span> <span class='ocrx_word' id='word_1_519' title='bbox 1849 1659 2015 1700; x_wconf 84' lang='lat' dir='ltr'><strong>operam</strong></span> <span class='ocrx_word' id='word_1_520' title='bbox 2047 1644 2215 1687; x_wconf 79' lang='lat' dir='ltr'><strong>demus.</strong></span> 
     </span>
    </p>
   </div>
   <div class='ocr_carea' id='block_1_29' title="bbox 1239 1853 2227 2069">
    <p class='ocr_par' dir='ltr' id='par_1_30' title="bbox 1239 1853 2227 2069">
     <span class='ocr_line' id='line_1_85' title="bbox 1690 1853 1780 1883; baseline 0.011 -1"><span class='ocrx_word' id='word_1_521' title='bbox 1690 1853 1721 1882; x_wconf 88' lang='lat' dir='ltr'>D</span> <span class='ocrx_word' id='word_1_522' title='bbox 1753 1853 1780 1883; x_wconf 77' lang='lat' dir='ltr'>E</span> 
     </span>
     <span class='ocr_line' id='line_1_86' title="bbox 1239 1926 2227 1977; baseline -0.01 -1"><span class='ocrx_word' id='word_1_523' title='bbox 1239 1927 1685 1977; x_wconf 83' lang='lat' dir='ltr'>CONVERSIONE</span> <span class='ocrx_word' id='word_1_524' title='bbox 1711 1926 2196 1969; x_wconf 81' lang='lat' dir='ltr'>DOCTRINARUM</span> <span class='ocrx_word' id='word_1_525' title='bbox 2215 1955 2227 1966; x_wconf 82' lang='grc'><strong>.</strong></span> 
     </span>
     <span class='ocr_line' id='line_1_87' title="bbox 1300 2012 2173 2069; baseline -0.009 -8"><span class='ocrx_word' id='word_1_526' title='bbox 1300 2019 1371 2061; x_wconf 78' lang='lat' dir='ltr'><strong>AD</strong></span> <span class='ocrx_word' id='word_1_527' title='bbox 1403 2017 1438 2069; x_wconf 87' lang='lat' dir='ltr'><strong>J.</strong></span> <span class='ocrx_word' id='word_1_528' title='bbox 1472 2016 1760 2058; x_wconf 64' lang='lat' dir='ltr'><strong>Canuti-:LEM</strong></span> <span class='ocrx_word' id='word_1_529' title='bbox 1793 2014 2121 2055; x_wconf 71' lang='lat' dir='ltr'><strong>REomERmM.</strong></span> <span class='ocrx_word' id='word_1_530' title='bbox 2152 2012 2173 2032; x_wconf 82' lang='lat'>*</span> 
     </span>
    </p>
   </div>
   <div class='ocr_carea' id='block_1_30' title="bbox 1213 2094 2262 2722">
    <p class='ocr_par' dir='ltr' id='par_1_31' title="bbox 1280 2094 2257 2154">
     <span class='ocr_line' id='line_1_88' title="bbox 1280 2094 2257 2154; baseline -0.011 -6"><span class='ocrx_word' id='word_1_531' title='bbox 1280 2099 1587 2147; x_wconf 78' lang='lat' dir='ltr'><strong>Nstituentibus</strong></span> <span class='ocrx_word' id='word_1_532' title='bbox 1639 2097 1756 2140; x_wconf 82' lang='lat' dir='ltr'><strong>nobis</strong></span> <span class='ocrx_word' id='word_1_533' title='bbox 1783 2129 1797 2150; x_wconf 84' lang='lat'><strong>.,</strong></span> <span class='ocrx_word' id='word_1_534' title='bbox 1841 2095 2036 2154; x_wconf 81' lang='lat' dir='ltr'><strong>Regineri</strong></span> <span class='ocrx_word' id='word_1_535' title='bbox 2084 2094 2257 2138; x_wconf 62' lang='lat' dir='ltr'><strong>doctiffi-</strong></span> 
     </span>
    </p>

    <p class='ocr_par' dir='ltr' id='par_1_32' title="bbox 1213 2155 2262 2722">
     <span class='ocr_line' id='line_1_89' title="bbox 1296 2155 2256 2210; baseline -0.01 -6"><span class='ocrx_word' id='word_1_536' title='bbox 1296 2176 1391 2209; x_wconf 82' lang='lat' dir='ltr'><strong>me,</strong></span> <span class='ocrx_word' id='word_1_537' title='bbox 1424 2160 1469 2201; x_wconf 89' lang='lat' dir='ltr'><strong>de</strong></span> <span class='ocrx_word' id='word_1_538' title='bbox 1499 2172 1538 2200; x_wconf 88' lang='lat' dir='ltr'><strong>re</strong></span> <span class='ocrx_word' id='word_1_539' title='bbox 1570 2155 1750 2199; x_wconf 84' lang='lat' dir='ltr'><strong>literaria</strong></span> <span class='ocrx_word' id='word_1_540' title='bbox 1781 2155 2009 2210; x_wconf 80' lang='lat' dir='ltr'><strong>disputare,</strong></span> <span class='ocrx_word' id='word_1_541' title='bbox 2040 2168 2085 2195; x_wconf 86' lang='lat' dir='ltr'><strong>ac</strong></span> <span class='ocrx_word' id='word_1_542' title='bbox 2118 2164 2256 2195; x_wconf 80' lang='lat' dir='ltr'><strong>tecum</strong></span> 
     </span>
     <span class='ocr_line' id='line_1_90' title="bbox 1213 2209 2262 2272; baseline -0.012 -10"><span class='ocrx_word' id='word_1_543' title='bbox 1213 2234 1296 2262; x_wconf 84' lang='lat' dir='ltr'><strong>una</strong></span> <span class='ocrx_word' id='word_1_544' title='bbox 1327 2215 1588 2260; x_wconf 85' lang='lat' dir='ltr'><strong>scientiarum</strong></span> <span class='ocrx_word' id='word_1_545' title='bbox 1619 2213 1764 2256; x_wconf 84' lang='lat' dir='ltr'><strong>statum</strong></span> <span class='ocrx_word' id='word_1_546' title='bbox 1795 2210 2148 2272; x_wconf 74' lang='lat' dir='ltr'><strong>percurrentibus,</strong></span> <span class='ocrx_word' id='word_1_547' title='bbox 2183 2209 2227 2250; x_wconf 71' lang='lat' dir='ltr'><strong>see</strong></span> <span class='ocrx_word' id='word_1_548' title='bbox 2248 2234 2262 2241; x_wconf 91' lang='lat'><em>-</em></span> 
     </span>
     <span class='ocr_line' id='line_1_91' title="bbox 1218 2266 2241 2332; baseline -0.015 -12"><span class='ocrx_word' id='word_1_549' title='bbox 1218 2292 1264 2332; x_wconf 91' lang='lat' dir='ltr'><strong>pe</strong></span> <span class='ocrx_word' id='word_1_550' title='bbox 1294 2275 1339 2318; x_wconf 78' lang='lat' dir='ltr'><strong>in</strong></span> <span class='ocrx_word' id='word_1_551' title='bbox 1373 2274 1601 2317; x_wconf 88' lang='lat' dir='ltr'><strong>sermonem</strong></span> <span class='ocrx_word' id='word_1_552' title='bbox 1628 2269 1792 2320; x_wconf 83' lang='lat' dir='ltr'><strong>injicere</strong></span> <span class='ocrx_word' id='word_1_553' title='bbox 1821 2268 1958 2320; x_wconf 89' lang='lat' dir='ltr'><strong>soles,</strong></span> <span class='ocrx_word' id='word_1_554' title='bbox 1991 2282 2036 2309; x_wconf 80' lang='lat' dir='ltr'><strong>ac</strong></span> <span class='ocrx_word' id='word_1_555' title='bbox 2062 2266 2200 2308; x_wconf 75' lang='lat' dir='ltr'><strong>mirari</strong></span> <span class='ocrx_word' id='word_1_556' title='bbox 2229 2273 2241 2295; x_wconf 77' lang='lat'><strong>³</strong></span> 
     </span>
     <span class='ocr_line' id='line_1_92' title="bbox 1216 2322 2239 2386; baseline -0.015 -9"><span class='ocrx_word' id='word_1_557' title='bbox 1216 2334 1297 2385; x_wconf 71' lang='grc' dir='ltr'><strong>δε,</strong></span> <span class='ocrx_word' id='word_1_558' title='bbox 1340 2346 1427 2386; x_wconf 82' lang='lat' dir='ltr'><strong>quae</strong></span> <span class='ocrx_word' id='word_1_559' title='bbox 1459 2343 1526 2372; x_wconf 88' lang='lat' dir='ltr'><strong>tua</strong></span> <span class='ocrx_word' id='word_1_560' title='bbox 1560 2326 1797 2370; x_wconf 83' lang='lat' dir='ltr'><strong>humanitas</strong></span> <span class='ocrx_word' id='word_1_561' title='bbox 1826 2326 1931 2378; x_wconf 80' lang='lat' dir='ltr'><strong>est,</strong></span> <span class='ocrx_word' id='word_1_562' title='bbox 1972 2322 2106 2367; x_wconf 83' lang='lat' dir='ltr'><strong>dolere</strong></span> <span class='ocrx_word' id='word_1_563' title='bbox 2141 2322 2239 2365; x_wconf 78' lang='lat' dir='ltr'><strong>simu</strong></span> 
     </span>
     <span class='ocr_line' id='line_1_93' title="bbox 1221 2379 2258 2436; baseline -0.013 -4"><span class='ocrx_word' id='word_1_564' title='bbox 1221 2390 1424 2433; x_wconf 85' lang='lat' dir='ltr'><strong>labentem</strong></span> <span class='ocrx_word' id='word_1_565' title='bbox 1460 2384 1588 2429; x_wconf 81' lang='lat' dir='ltr'><strong>Italiae</strong></span> <span class='ocrx_word' id='word_1_566' title='bbox 1619 2383 1878 2436; x_wconf 59' lang='lat' dir='ltr'><strong>doctrinam,</strong></span> <span class='ocrx_word' id='word_1_567' title='bbox 1911 2398 1956 2425; x_wconf 86' lang='lat' dir='ltr'><strong>ac</strong></span> <span class='ocrx_word' id='word_1_568' title='bbox 1977 2395 2100 2436; x_wconf 86' lang='lat' dir='ltr'><strong>prope</strong></span> <span class='ocrx_word' id='word_1_569' title='bbox 2123 2379 2258 2430; x_wconf 83' lang='lat' dir='ltr'><strong>jacen-</strong></span> 
     </span>
     <span class='ocr_line' id='line_1_94' title="bbox 1221 2436 2254 2496; baseline -0.014 -5"><span class='ocrx_word' id='word_1_570' title='bbox 1221 2460 1340 2490; x_wconf 92' lang='lat' dir='ltr'><strong>tem</strong></span> <span class='ocrx_word' id='word_1_571' title='bbox 1382 2446 1494 2488; x_wconf 86' lang='lat' dir='ltr'><strong>Cum</strong></span> <span class='ocrx_word' id='word_1_572' title='bbox 1537 2458 1582 2485; x_wconf 84' lang='lat' dir='ltr'><strong>ea</strong></span> <span class='ocrx_word' id='word_1_573' title='bbox 1627 2442 1736 2496; x_wconf 81' lang='lat' dir='ltr'><strong>regio</strong></span> <span class='ocrx_word' id='word_1_574' title='bbox 1764 2472 1777 2493; x_wconf 87' lang='lat'>‚</span> <span class='ocrx_word' id='word_1_575' title='bbox 1809 2441 1851 2483; x_wconf 85' lang='lat' dir='ltr'><strong>in</strong></span> <span class='ocrx_word' id='word_1_576' title='bbox 1885 2454 1962 2495; x_wconf 89' lang='lat' dir='ltr'><strong>qua</strong></span> <span class='ocrx_word' id='word_1_577' title='bbox 1996 2437 2179 2492; x_wconf 88' lang='lat' dir='ltr'><strong>splendor</strong></span> <span class='ocrx_word' id='word_1_578' title='bbox 2211 2436 2254 2477; x_wconf 71' lang='grc' dir='ltr'><strong>δε</strong></span> 
     </span>
     <span class='ocr_line' id='line_1_95' title="bbox 1219 2493 2255 2559; baseline -0.014 -12"><span class='ocrx_word' id='word_1_579' title='bbox 1219 2502 1422 2559; x_wconf 84' lang='lat' dir='ltr'><strong>elegantia</strong></span> <span class='ocrx_word' id='word_1_580' title='bbox 1473 2498 1713 2542; x_wconf 79' lang='lat' dir='ltr'><strong>florentibus</strong></span> <span class='ocrx_word' id='word_1_581' title='bbox 1769 2500 2054 2539; x_wconf 78' lang='lat' dir='ltr'><strong>Romanorum</strong></span> <span class='ocrx_word' id='word_1_582' title='bbox 2113 2493 2255 2548; x_wconf 71' lang='lat' dir='ltr'><strong>opibus</strong></span> 
     </span>
     <span class='ocr_line' id='line_1_96' title="bbox 1224 2551 2258 2619; baseline -0.014 -15"><span class='ocrx_word' id='word_1_583' title='bbox 1224 2568 1317 2604; x_wconf 85' lang='lat' dir='ltr'><strong>nata</strong></span> <span class='ocrx_word' id='word_1_584' title='bbox 1347 2559 1433 2610; x_wconf 86' lang='lat' dir='ltr'><strong>est,</strong></span> <span class='ocrx_word' id='word_1_585' title='bbox 1475 2557 1516 2599; x_wconf 70' lang='grc' dir='ltr'>ἃ</span> <span class='ocrx_word' id='word_1_586' title='bbox 1552 2554 1692 2619; x_wconf 79' lang='lat' dir='ltr'><strong>multis</strong></span> <span class='ocrx_word' id='word_1_587' title='bbox 1725 2554 1808 2608; x_wconf 87' lang='lat' dir='ltr'><strong>post</strong></span> <span class='ocrx_word' id='word_1_588' title='bbox 1841 2553 1979 2595; x_wconf 80' lang='lat' dir='ltr'><strong>seculis</strong></span> <span class='ocrx_word' id='word_1_589' title='bbox 2006 2584 2018 2605; x_wconf 88' lang='lat'>,</span> <span class='ocrx_word' id='word_1_590' title='bbox 2067 2565 2212 2606; x_wconf 61' lang='lat' dir='ltr'><strong>quami</strong></span> <span class='ocrx_word' id='word_1_591' title='bbox 2214 2551 2258 2590; x_wconf 67' lang='grc' dir='ltr'><strong>ιε</strong></span> 
     </span>
     <span class='ocr_line' id='line_1_97' title="bbox 1223 2611 2258 2666; baseline -0.014 -5"><span class='ocrx_word' id='word_1_592' title='bbox 1223 2616 1418 2662; x_wconf 81' lang='lat' dir='ltr'><strong>convulso</strong></span> <span class='ocrx_word' id='word_1_593' title='bbox 1448 2613 1528 2663; x_wconf 76' lang='lat' dir='ltr'><strong>jam</strong></span> <span class='ocrx_word' id='word_1_594' title='bbox 1563 2611 1762 2666; x_wconf 83' lang='lat' dir='ltr'><strong>imperio,</strong></span> <span class='ocrx_word' id='word_1_595' title='bbox 1795 2611 2007 2662; x_wconf 77' lang='lat' dir='ltr'><strong>restituta,</strong></span> <span class='ocrx_word' id='word_1_596' title='bbox 2039 2623 2147 2650; x_wconf 86' lang='lat' dir='ltr'><strong>nunc</strong></span> <span class='ocrx_word' id='word_1_597' title='bbox 2174 2621 2258 2648; x_wconf 69' lang='lat' dir='ltr'><strong>na]</strong></span> 
     </span>
     <span class='ocr_line' id='line_1_98' title="bbox 1224 2663 2261 2722; baseline -0.015 -4"><span class='ocrx_word' id='word_1_598' title='bbox 1224 2675 1346 2719; x_wconf 89' lang='lat' dir='ltr'><strong>modo</strong></span> <span class='ocrx_word' id='word_1_599' title='bbox 1389 2671 1572 2715; x_wconf 75' lang='lat' dir='ltr'><strong>videatur</strong></span> <span class='ocrx_word' id='word_1_600' title='bbox 1619 2668 1736 2720; x_wconf 84' lang='lat' dir='ltr'><strong>hujus</strong></span> <span class='ocrx_word' id='word_1_601' title='bbox 1779 2667 1908 2711; x_wconf 83' lang='lat' dir='ltr'><strong>laudis</strong></span> <span class='ocrx_word' id='word_1_602' title='bbox 1950 2665 2129 2722; x_wconf 74' lang='lat' dir='ltr'><strong>praesidio</strong></span> <span class='ocrx_word' id='word_1_603' title='bbox 2174 2663 2261 2717; x_wconf 83' lang='lat' dir='ltr'><strong>spo</strong></span> 
     </span>
    </p>
   </div>
   <div class='ocr_carea' id='block_1_31' title="bbox 2152 2837 2260 2847">
    <p class='ocr_par' dir='ltr' id='par_1_33' title="bbox 2152 2837 2260 2847">
     <span class='ocr_line' id='line_1_99' title="bbox 2152 2837 2260 2847; baseline 0 623"><span class='ocrx_word' id='word_1_604' title='bbox 2152 2837 2260 2847; x_wconf 95' lang='lat' dir='ltr'><strong> </strong></span> 
     </span>
    </p>
   </div>
   <div class='ocr_carea' id='block_1_32' title="bbox 1779 2845 1885 2853">
    <p class='ocr_par' dir='ltr' id='par_1_34' title="bbox 1779 2845 1885 2853">
     <span class='ocr_line' id='line_1_100' title="bbox 1779 2845 1885 2853; baseline 0 617"><span class='ocrx_word' id='word_1_605' title='bbox 1779 2845 1885 2853; x_wconf 95' lang='lat' dir='ltr'><strong> </strong></span> 
     </span>
    </p>
   </div>
   <div class='ocr_carea' id='block_1_33' title="bbox 1447 2847 1555 2856">
    <p class='ocr_par' dir='ltr' id='par_1_35' title="bbox 1447 2847 1555 2856">
     <span class='ocr_line' id='line_1_101' title="bbox 1447 2847 1555 2856; baseline 0 614"><span class='ocrx_word' id='word_1_606' title='bbox 1447 2847 1555 2856; x_wconf 95' lang='lat' dir='ltr'><strong> </strong></span> 
     </span>
    </p>
   </div>
   <div class='ocr_carea' id='block_1_34' title="bbox 1558 2846 1666 2855">
    <p class='ocr_par' dir='ltr' id='par_1_36' title="bbox 1558 2846 1666 2855">
     <span class='ocr_line' id='line_1_102' title="bbox 1558 2846 1666 2855; baseline 0 615"><span class='ocrx_word' id='word_1_607' title='bbox 1558 2846 1666 2855; x_wconf 95' lang='lat' dir='ltr'><strong> </strong></span> 
     </span>
    </p>
   </div>
   <div class='ocr_carea' id='block_1_35' title="bbox 1225 2867 2262 2920">
    <p class='ocr_par' dir='ltr' id='par_1_37' title="bbox 1225 2867 2262 2920">
     <span class='ocr_line' id='line_1_103' title="bbox 1225 2867 2262 2920; baseline -0.017 -7"><span class='ocrx_word' id='word_1_608' title='bbox 1225 2881 1377 2913; x_wconf 83' lang='lat' dir='ltr'><strong>o·atione</strong></span> <span class='ocrx_word' id='word_1_609' title='bbox 1417 2888 1478 2920; x_wconf 85' lang='lat' dir='ltr'><strong>pro</strong></span> <span class='ocrx_word' id='word_1_610' title='bbox 1517 2875 1610 2907; x_wconf 82' lang='lat' dir='ltr'><strong>novis</strong></span> <span class='ocrx_word' id='word_1_611' title='bbox 1650 2873 1885 2913; x_wconf 61' lang='lat' dir='ltr'><strong>philosophis,</strong></span> <span class='ocrx_word' id='word_1_612' title='bbox 1912 2871 1950 2902; x_wconf 89' lang='lat' dir='ltr'><strong>de</strong></span> <span class='ocrx_word' id='word_1_613' title='bbox 1976 2880 2039 2912; x_wconf 76' lang='lat' dir='ltr'><strong>qua</strong></span> <span class='ocrx_word' id='word_1_614' title='bbox 2066 2867 2195 2899; x_wconf 78' lang='lat' dir='ltr'><strong>mentio</strong></span> <span class='ocrx_word' id='word_1_615' title='bbox 2216 2867 2262 2896; x_wconf 64' lang='lat' dir='ltr'><strong>fit·</strong></span> 
     </span>
    </p>
   </div>
   <div class='ocr_carea' id='block_1_36' title="bbox 1225 2936 2267 3188">
    <p class='ocr_par' dir='ltr' id='par_1_38' title="bbox 1225 2936 2262 3188">
     <span class='ocr_line' id='line_1_104' title="bbox 1226 2936 2262 3007; baseline -0.018 -5"><span class='ocrx_word' id='word_1_616' title='bbox 1226 2970 1296 3002; x_wconf 66' lang='lat' dir='ltr'><strong>&amp;or</strong></span> <span class='ocrx_word' id='word_1_617' title='bbox 1304 2936 1395 3001; x_wconf 71' lang='lat' dir='ltr'><strong>pdein</strong></span> <span class='ocrx_word' id='word_1_618' title='bbox 1421 2965 1604 3007; x_wconf 74' lang='lat' dir='ltr'><strong>suppreffit</strong></span> <span class='ocrx_word' id='word_1_619' title='bbox 1637 2964 1688 2996; x_wconf 63' lang='grc' dir='ltr'><strong>ΒΗ</strong></span> <span class='ocrx_word' id='word_1_620' title='bbox 1693 2964 1791 2996; x_wconf 74' lang='lat' dir='ltr'><strong>audar.</strong></span> <span class='ocrx_word' id='word_1_621' title='bbox 1816 2962 1905 2993; x_wconf 83' lang='lat' dir='ltr'><strong>enim</strong></span> <span class='ocrx_word' id='word_1_622' title='bbox 1934 2961 2022 2991; x_wconf 83' lang='lat' dir='ltr'><strong>inter</strong></span> <span class='ocrx_word' id='word_1_623' title='bbox 2046 2965 2172 2990; x_wconf 82' lang='lat' dir='ltr'><strong>ceteros</strong></span> <span class='ocrx_word' id='word_1_624' title='bbox 2186 2955 2262 2992; x_wconf 86' lang='lat' dir='ltr'><strong>Jor-</strong></span> 
     </span>
     <span class='ocr_line' id='line_1_105' title="bbox 1225 3000 2260 3048; baseline -0.018 -2"><span class='ocrx_word' id='word_1_625' title='bbox 1225 3016 1345 3046; x_wconf 74' lang='lat' dir='ltr'><strong>danum</strong></span> <span class='ocrx_word' id='word_1_626' title='bbox 1387 3015 1529 3048; x_wconf 79' lang='lat' dir='ltr'><strong>Brunum</strong></span> <span class='ocrx_word' id='word_1_627' title='bbox 1558 3009 1727 3041; x_wconf 74' lang='lat' dir='ltr'><strong>Nolanum</strong></span> <span class='ocrx_word' id='word_1_628' title='bbox 1753 3031 1762 3046; x_wconf 84' lang='lat'>‚</span> <span class='ocrx_word' id='word_1_629' title='bbox 1804 3006 1977 3040; x_wconf 70' lang='lat' dir='ltr'><strong>Galilaeum</strong></span> <span class='ocrx_word' id='word_1_630' title='bbox 2005 3000 2260 3037; x_wconf 82' lang='lat' dir='ltr'><strong>Florentinum,</strong></span> 
     </span>
     <span class='ocr_line' id='line_1_106' title="bbox 1227 3041 2256 3098; baseline -0.02 -6"><span class='ocrx_word' id='word_1_631' title='bbox 1227 3057 1364 3098; x_wconf 75' lang='lat' dir='ltr'><strong>Coperni</strong></span> <span class='ocrx_word' id='word_1_632' title='bbox 1371 3067 1442 3089; x_wconf 88' lang='lat' dir='ltr'><strong>cum</strong></span> <span class='ocrx_word' id='word_1_633' title='bbox 1468 3058 1598 3087; x_wconf 81' lang='lat' dir='ltr'><strong>Danum</strong></span> <span class='ocrx_word' id='word_1_634' title='bbox 1625 3076 1635 3088; x_wconf 81' lang='grc'>,</span> <span class='ocrx_word' id='word_1_635' title='bbox 1672 3055 1691 3093; x_wconf 70' lang='grc' dir='ltr'>ζ</span> <span class='ocrx_word' id='word_1_636' title='bbox 1716 3053 1784 3085; x_wconf 87' lang='lat' dir='ltr'><strong>imo</strong></span> <span class='ocrx_word' id='word_1_637' title='bbox 1819 3049 1964 3084; x_wconf 76' lang='lat' dir='ltr'><strong>Bruffum</strong></span> <span class='ocrx_word' id='word_1_638' title='bbox 1990 3049 2010 3086; x_wconf 80' lang='grc'>)</span> <span class='ocrx_word' id='word_1_639' title='bbox 2049 3048 2077 3077; x_wconf 74' lang='lat'><strong>8:</strong></span> <span class='ocrx_word' id='word_1_640' title='bbox 2117 3055 2133 3076; x_wconf 88' lang='lat' dir='ltr'><strong>e</strong></span> <span class='ocrx_word' id='word_1_641' title='bbox 2159 3041 2256 3073; x_wconf 84' lang='lat' dir='ltr'><strong>Galli.</strong></span> 
     </span>
     <span class='ocr_line' id='line_1_107' title="bbox 1229 3087 2267 3139; baseline -0.017 -4"><span class='ocrx_word' id='word_1_642' title='bbox 1229 3101 1422 3136; x_wconf 68' lang='lat' dir='ltr'><strong>Gaffendum</strong></span> <span class='ocrx_word' id='word_1_643' title='bbox 1451 3101 1480 3131; x_wconf 66' lang='lat'><strong>5&lt;</strong></span> <span class='ocrx_word' id='word_1_644' title='bbox 1507 3097 1688 3132; x_wconf 71' lang='lat' dir='ltr'><strong>Car-tesiam</strong></span> <span class='ocrx_word' id='word_1_645' title='bbox 1722 3120 1732 3139; x_wconf 86' lang='lat'><strong>,</strong></span> <span class='ocrx_word' id='word_1_646' title='bbox 1769 3096 1825 3139; x_wconf 78' lang='lat' dir='ltr'><strong>qui</strong></span> <span class='ocrx_word' id='word_1_647' title='bbox 1850 3094 1956 3127; x_wconf 82' lang='lat' dir='ltr'><strong>sermo</strong></span> <span class='ocrx_word' id='word_1_648' title='bbox 1987 3095 2099 3123; x_wconf 67' lang='lat' dir='ltr'><strong>Rornae</strong></span> <span class='ocrx_word' id='word_1_649' title='bbox 2124 3097 2190 3121; x_wconf 70' lang='lat' dir='ltr'><strong>non</strong></span> <span class='ocrx_word' id='word_1_650' title='bbox 2215 3087 2267 3116; x_wconf 71' lang='lat' dir='ltr'><strong>x--i</strong></span> 
     </span>
     <span class='ocr_line' id='line_1_108' title="bbox 1233 3142 1706 3188; baseline -0.009 -10"><span class='ocrx_word' id='word_1_651' title='bbox 1233 3147 1332 3181; x_wconf 64' lang='lat' dir='ltr'><strong>detur</strong></span> <span class='ocrx_word' id='word_1_652' title='bbox 1347 3143 1540 3188; x_wconf 77' lang='lat' dir='ltr'><strong>quotidiani</strong></span> <span class='ocrx_word' id='word_1_653' title='bbox 1564 3142 1706 3186; x_wconf 70' lang='lat' dir='ltr'><strong>saporis.</strong></span> 
     </span>
    </p>
   </div>
  </div>
 </body>
</html>
