2451 3470
637 92 1739 153 ORATIONES.

2137 118 2238 173 103

117 171 280 228 pietatis
309 202 322 225 ‚
352 185 397 214 ea
429 169 600 215 mutatis
633 170 814 215 moribus
846 171 1065 215 hominum
1088 172 1149 215 di-
1197 169 1440 214 abstinentia
1482 167 1762 212 extenuandus
1795 198 1806 218 ,
1850 178 1895 210 ut
1925 171 2030 214 unde
2061 171 2133 218 ille
2164 191 2228 218 ce,

113 230 300 272 labatur.
333 232 404 271 An
436 228 529 282 quia
563 244 645 270 non
676 229 1048 283 ampliusEcclelia
1062 230 1147 272 exi-

115 286 177 342 git
217 302 241 328 a
287 285 403 327 nobis
443 286 662 329 exteriores
703 285 793 328 illas
836 299 978 340 poenas
1005 316 1018 338 ,
1060 286 1149 328 ideo

115 343 387 386 condonatos.
413 342 529 384 nobis
574 342 852 398 reputavimus
881 341 992 384 atfi'tus
1025 342 1147 384 inter-

112 414 175 442 nae
219 398 386 442 virtutis
413 429 426 451 ,
473 399 617 452 quibus
662 413 793 452 poenae
825 397 905 440 illae
937 398 1148 453 responde-

114 457 250 509 bant,
294 455 443 511 quippe
488 454 690 502 laboriofis
733 463 874 498 earum
906 454 1150 510 adspectibus

112 511 450 567 exprimebantur
474 542 485 553 .

173 569 344 612 Etenim
394 564 596 612 exteriora
626 583 748 623 opera
782 567 941 624 pietatis
969 599 982 622 ‚
1011 567 1160 625 qualia‘

118 625 269 669 scilicet
302 626 352 668 ab
379 625 563 669 Ecclesia
597 624 867 680 injunguntur
886 657 898 678 ‚
928 625 1022 681 quid
1041 625 1148 668 aliud

114 683 238 736 sunt,
271 698 368 738 rogo
396 713 408 733 ‚
441 681 517 724 nisi
562 682 686 737 pietas
719 682 920 736 interior,
953 696 1147 737 tanquam

109 741 301 783 arborum
366 740 499 781 succus
567 739 609 779 in
661 738 814 780 fructus
859 739 902 780 δι
961 740 1149 792 palmites

110 810 326 850 erumpens
353 798 366 837 2
399 794 508 847 Quid
543 793 615 835 nisi
650 793 775 836 virtus
807 795 1043 837 animorum
1074 811 1148 837 oc-

111 867 275 897 currens
304 849 460 903 oculis,
493 850 536 891 ὃς
569 865 767 900 corporeae
801 851 999 904 imagines
1021 852 1144 894 inter-

112 924 174 952 nae
209 906 463 950 sanctitatis?
498 908 596 950 Haec
629 906 656 948 fi
689 922 770 949 non
804 908 948 950 omnia
975 938 987 960 ‚
1019 923 1148 964 neque

112 967 265 1017 semper
291 995 304 1018 ‚
334 978 466 1019 neque
497 963 546 1005 ab
577 963 768 1006 omnibus
801 964 938 1019 poenis
968 965 1148 1008 Ecclesia

111 1021 368 1074 judicialibus
400 1021 442 1063 in
476 1020 560 1062 vita
596 1021 767 1074 reposcit
797 1037 808 1072 ;
841 1020 977 1064 nihilo
1009 1035 1147 1065 tamen

111 1079 252 1122 minus
281 1077 411 1133 exigit
441 1093 465 1119 a
497 1078 612 1120 nobis
643 1077 832 1120 animum
847 1078 892 1121 ad
909 1093 953 1122 ea
971 1095 1147 1134 pronum

112 1150 235 1192 atque
267 1134 566 1189 compositum.
599 1133 682 1189 Qui
717 1133 742 1176 si
775 1150 866 1177 vera
902 1137 1148 1191 poenitentia

116 1204 301 1238 teneatur
321 1223 333 1246 ‚
365 1191 474 1244 ultro
508 1190 653 1233 subibit
683 1205 880 1235 moerores
910 1193 952 1235 ὃ(
987 1192 1115 1237 laetus
1135 1225 1148 1246 ,

112 1249 336 1294 coelestium
384 1263 571 1291 curarum
605 1248 764 1290 umbras
796 1249 839 1291 δι
872 1250 1034 1293 nativos
1066 1252 1147 1305 pie-

113 1307 209 1350 tatis
254 1305 413 1349 fincerae
445 1304 599 1347 colores
628 1320 637 1351 ς
681 1304 870 1361 ultroque
902 1322 1070 1362 corpore
1102 1323 1148 1350 ac

111 1375 250 1406 mente
280 1361 491 1414 jejunanS,
523 1360 734 1405 abstinebit
764 1363 1047 1419 voluptatibus
1072 1364 1149 1417 iis,

112 1421 218 1464 unde
249 1419 411 1473 culpam
443 1416 681 1472 contraxit,
711 1434 757 1462 ac
791 1420 930 1474 sponte
964 1421 1026 1464 sua
1062 1436 1146 1475 poe·

111 1492 184 1520 nas
214 1476 514 1532 amplectetur,
545 1487 805 1531 peccatorum
840 1476 1148 1521 ultrices&co—

111 1535 232 1578 mites
265 1532 517 1576 voluntarios
549 1531 750 1576 virtutum
783 1533 1110 1578 Christianarum
1140 1568 1148 1577 .

167 1592 410 1633 Humanam
456 1589 655 1633 nimirum
701 1602 887 1634 naturam
913 1623 925 1644 ,
968 1594 1014 1635 ad
1045 1592 1147 1634 divi-

110 1646 286 1691 nitatem
320 1646 560 1701 potiundam
593 1645 642 1689 ab
661 1645 784 1690 initio
807 1662 1056 1703 procreatam
1076 1681 1087 1702 ,
1107 1665 1152 1692 ac

115 1703 259 1748 deinde
305 1702 580 1759 progenitoris
630 1703 751 1746 nostri
796 1704 901 1748 vitio
933 1722 954 1748 a
987 1706 1050 1760 spe
1081 1705 1152 1750 illa

111 1759 339 1817 prolapsam
360 1792 372 1813 ,
409 1759 623 1815 pristinum
658 1760 700 1802 in
731 1762 899 1816 gradum
932 1778 977 1806 ac
1006 1763 1151 1807 sortem

110 1820 225 1862 Deus
260 1818 430 1861 restituit
462 1817 603 1859 eadem
639 1818 770 1860 nostra
803 1831 945 1862 natura
980 1819 1148 1863 induen-

113 1874 164 1917 da
187 1906 199 1925 ,
233 1873 564 1929 suscipiendisque
598 1872 820 1929 hominum
855 1875 897 1919 in
931 1877 965 1919 se
998 1877 1152 1932 culpis,

112 1946 211 1986 quas
263 1931 474 1973 oblatione
520 1929 575 1974 sui
609 1930 731 1986 ipsius
761 1931 803 1974 &
837 1933 930 1976 vitae
960 1933 1150 1987 profusio-

110 2003 163 2032 ne
197 1987 444 2031 mirabiliter
477 1986 686 2042 expiavit.
719 1989 893 2032 Etenim
928 1990 1032 2033 nihil
1066 2007 1151 2046 per-

114 2044 284 2088 fet‘lioni
329 2044 459 2100 magis
487 2075 499 2098 ,
542 2059 666 2099 quam
699 2045 851 2089 vitium
885 2047 1149 2091 adversatur:

113 2101 252 2155 unde,
288 2114 331 2144 ut
361 2117 384 2143 a
417 2103 507 2144 Deo
539 2101 836 2157 reciperemur,
868 2103 1024 2146 malum
1058 2105 1145 2154 infi-

114 2158 252 2201 nitum
286 2157 448 2201 infinita
482 2157 665 2201 bonitate
697 2158 778 2202 fuit
799 2159 1150 2205 exhauriendum.

112 2216 204 2258 Nos
238 2230 362 2267 vero,
394 2213 549 2258 Christi
582 2226 715 2259 morte
742 2217 1054 2270 reviviscentes,
1087 2218 1150 2261 vi-

111 2287 172 2314 res
205 2271 434 2315 identidem
466 2271 716 2326 adquirimus
744 2273 792 2315 ad
810 2273 1045 2317 divinarum
1067 2275 1150 2318 vir-

111 2341 249 2372 tutum
286 2329 565 2372 imitationem
596 2344 608 2381 3
656 2328 702 2372 in
734 2329 880 2384 quibus
910 2330 985 2373 nisi
1015 2331 1151 2375 vitam

117 2384 536 2439 transegerimus,vita
556 2386 780 2440 migrantes
799 2386 1028 2430 divinitatis
1040 2404 1152 2431 com-

114 2442 316 2486 mercium
339 2441 480 2485 frustra
504 2442 704 2495 speremus
726 2475 736 2485 .
770 2443 896 2486 Nihil
917 2446 1030 2488 enim
1045 2447 1154 2489 Deus

111 2499 376 2553 amplef’titur
408 2500 478 2542 sibi
512 2499 702 2543 diffimile
734 2517 743 2541 τ
780 2499 871 2543 solis
901 2514 1040 2545 autem
1071 2502 1154 2546 vir-

114 2556 270 2598 tutibus
299 2556 446 2598 divinae
478 2569 629 2600 naturae
658 2556 886 2612 imaginem
924 2559 1154 2614 reddimus3

114 2612 317 2655 nimirum
338 2643 350 2664 ,
385 2613 411 2655 fi
444 2614 682 2669 poenitendo
713 2614 867 2657 Christi
903 2616 1047 2659 merita
1079 2632 1154 2660 no-

116 2669 177 2712 bis
208 2669 519 2724 adsciverimus‚
551 2682 740 2714 caventes
771 2672 814 2714 in
841 2673 1070 2727 posterum,
1103 2689 1156 2718 ne

114 2742 251 2770 amore
268 2725 508 2770 caducarum
525 2743 658 2771 rerum
675 2760 689 2779 ,
721 2728 1029 2773 immortalibus
1042 2745 1154 2774 mor-

114 2783 213 2827 talia
246 2782 492 2838 praeferendo
519 2815 531 2836 ,
566 2783 806 2840 infidtaque
839 2786 1014 2840 injuria,
1046 2788 1153 2843 quod

115 2839 163 2883 ad
197 2855 269 2883 nos
300 2839 476 2892 attinet,
510 2842 898 2887 naturamdivinam
913 2845 1154 2910 afficiendg,

114 2896 161 2940 in
192 2896 326 2940 imum
359 2897 493 2940 denuo
526 2896 783 2950 miseriarum
816 2900 1110 2945 devolvamur.

175 2953 258 3009 Qui
293 2970 428 2998 rerum
461 2953 704 2997 caducarum
737 2971 892 3009 amori,
943 2958 985 3000 in
1018 2958 1155 3014 singu-

116 3011 176 3054 los
217 3011 331 3054 actus
378 3011 530 3054 nostros
575 3011 720 3054 assidue
750 3011 949 3066 obrepens
977 3045 988 3066 ‚
1023 3016 1156 3068 poeni-

108 3067 247 3112 ·tentia
294 3068 346 3111 est
396 3067 521 3112 etiam
569 3067 714 3110 assidua
757 3067 1022 3125 depascendus
1052 3102 1064 3125 ,
1114 3072 1156 3114 ὃς

223 3125 325 3179 Iani
354 3126 567 3170 Gravinae.
597 3127 712 3169 Tom.
744 3126 802 3168 II.

1197 228 1281 280 dit,
1311 244 1360 272 eo
1393 227 1538 270 subeat.
1555 240 1673 268 amor
1703 224 1958 277 divinitatis,
1992 243 2036 270 ac
2058 231 2230 276 studium

1200 284 1402 327 virtutum
1434 297 1679 326 aeternarum
1710 314 1722 335 ,
1755 294 1926 337 quarum
1960 282 2232 338 impedimen—

1200 354 1239 382 ta
1281 339 1535 395 poenitentiae
1574 339 1761 394 operibus
1805 353 2070 384 removentur
2102 358 2112 382 .·
2148 358 2190 387 ut
2217 378 2230 399 ‚

1197 412 1286 451 quae
1327 397 1486 441 videtur
1514 395 1727 451 disciplina
1760 396 1932 439 severior
1960 428 1971 449 ‚
2021 413 2068 441 ea
2100 414 2235 445 revera

1199 454 1244 496 sit
1285 454 1464 498 ducenda
1507 452 1683 506 mitior,
1727 468 1821 497 curn
1855 466 2047 509 praeparet
2077 455 2236 501 abdica-

1200 511 1358 554 tionem
1404 510 1464 555 ·sui
1507 510 1627 564 ipsius
1652 541 1664 563 ‚
1697 525 1779 567 quo
1811 511 1929 554 unice
1964 511 2135 565 speeiare
2167 515 2235 557 de-

1200 568 1369 620 bemus,
1400 568 1444 611 &
1474 566 1727 611 abstinentiae
1757 568 2046 612 consuetudine
2077 571 2239 614 acerbi-

1200 635 1326 667 tatem
1367 625 1579 679 extinguat
1623 624 1739 668 illam
1773 657 1785 678 ‚
1829 640 1907 681 qua
1942 625 2112 670 humani
2151 628 2241 671 sen-

1202 681 1258 722 sus
1307 681 1542 724 afficiuntur
1573 712 1585 734 ,
1628 697 1722 724 cum
1772 681 1955 737 primum
1985 684 2239 731 abducuntur

1199 752 1221 779 a
1253 736 1446 779 diuturno
1479 737 1550 780 usu
1581 738 1870 793 voluptatum,
1903 741 2006 784 unde
2038 755 2146 786 certe
2177 744 2240 787 su·
2286 777 2298 791 .

1202 809 1292 836 mus
1323 794 1546 837 abducendi
1574 825 1587 847 ,
1619 795 1645 837 si
1676 796 1925 851 propositum
1958 798 2074 842 nobis
2105 801 2234 845 finem

1199 851 1402 905 attingere
1445 850 1658 904 cupiamus
1688 884 1696 895 .
1745 855 1784 895 A
1818 869 1898 909 quo
1930 855 2003 898 nifi
2035 867 2236 902 aeternum

1199 908 1381 951 aberrare
1423 907 1600 952 velimus
1638 940 1651 962 ,
1703 911 1917 963 praestanda
1961 913 2080 956 nobis
2110 928 2233 960 erunt

1198 980 1243 1007 ea
1283 994 1295 1016 ‚
1337 980 1424 1020 quae
1473 965 1709 1009 Christiana
1761 967 1961 1023 religione
2007 972 2236 1025 profitenda

1202 1022 1487 1078 spopondimus
1519 1055 1529 1065 .
1575 1022 1766 1079 Et·quia
1816 1026 1907 1068 Deo
1949 1025 2106 1081 placere
2151 1045 2237 1073 non

1200 1078 1401 1134 possumus
1426 1111 1464 1131 ,.
1489 1079 1561 1122 nisi
1609 1079 1890 1135 displiceamus
1941 1085 2058 1127 nobis
2107 1086 2197 1142 ipsis
2225 1117 2239 1141 ‚

1199 1151 1293 1179 cum
1342 1136 1468 1180 studio
1499 1151 1636 1180 rerum
1668 1151 1897 1182 creatarum
1932 1141 1987 1184 sui
2020 1142 2146 1188 etiam
2178 1144 2242 1199 ip-

1200 1192 1272 1235 sius
1319 1208 1435 1235 amor
1465 1194 1519 1236 est
1549 1193 1594 1236 in
1625 1194 1775 1249 primis
1803 1195 2089 1246 abjudicandus
2117 1232 2129 1253 ,
2163 1216 2239 1245 nec

1200 1249 1351 1292 fruetus
1395 1249 1635 1293 mortalium
1668 1251 1870 1296 bonorum
1893 1285 1905 1306 ,
1939 1254 2000 1298 sed
2031 1257 2119 1299 usus
2150 1270 2243 1301 tan-

1200 1306 1416 1349 tummodo
1456 1307 1716 1363 capiendus3
1757 1307 1894 1365 itaque
1936 1306 1983 1353 in
2026 1311 2102 1356 hac
2150 1317 2236 1358 vita

1202 1364 1452 1407 manendum
1479 1396 1490 1418 ‚
1534 1377 1730 1420 tanquam
1776 1364 1805 1407 fi
1847 1366 2015 1423 singulis
2046 1384 2242 1414 momen-

1202 1421 1250 1463 tis
1284 1420 1328 1462 fit
1365 1422 1600 1464 exeundum
1628 1453 1637 1463 .

1260 1478 1324 1519 Ad
1368 1493 1491 1533 quem
1540 1477 1704 1521 animus
1739 1477 1818 1522 sola
1851 1480 2096 1536 poenitentia
2127 1500 2243 1528 corn-

1203 1546 1365 1591 paratur
1393 1566 1406 1588 ,
1436 1550 1524 1591 quae
1558 1534 1836 1579 subtrahendis
1871 1539 2012 1592 rebus,
2044 1556 2090 1583 ac
2125 1541 2242 1584 sensi-

1205 1593 1274 1636 bus
1306 1592 1526 1636 atterendis
1557 1592 1686 1636 vitam
1720 1593 1894 1638 traducit
1925 1597 1972 1638 ad
1989 1597 2245 1641 consuetudi-

1205 1665 1299 1692 nem
1332 1649 1503 1693 mortis:
1539 1661 1612 1702 ut,
1643 1664 1725 1704 quo
1758 1650 1942 1706 pluribus
1976 1653 2159 1698 viventes
2173 1657 2264 1711 ab·⁴

1203 1707 1396 1751 stinemus
1424 1738 1437 1760 ‚
1467 1722 1517 1751 eo
1547 1706 1769 1751 morientes
1800 1709 1938 1752 minus
1970 1711 2208 1755 amittamus
2237 1744 2250 1765 ,

1205 1764 1342 1808 minus
1372 1763 1661 1808 contristemur
1690 1780 1700 1805 τ
1734 1779 1828 1808 cum
1862 1765 2038 1810 vivendo
2071 1769 2244 1812 totidem

1205 1821 1348 1875 gradus
1389 1820 1538 1865 mortis
1583 1820 1939 1877 superaverimus,
1982 1836 2080 1879 quot
2114 1825 2245 1869 sensus

1206 1877 1323 1922 nobis
1362 1878 1617 1922 extinximus
1632 1893 1768 1922 rerum
1784 1879 2059 1924 humanarum
2076 1913 2086 1924 .
2119 1882 2243 1926 Unde

1204 1935 1309 1991 quod
1341 1935 1588 1991 voluptuosis
1619 1945 1854 1980 extremum
1885 1937 1939 1980 est
1954 1937 2071 1992 vitae,
2105 1938 2143 1982 id
2159 1954 2246 1995 poe-

1206 1992 1434 2036 nitentibus
1463 2004 1698 2037 extremum
1729 1993 1782 2035 est
1813 1993 1959 2038 mortis
1988 1994 2031 2038 &
2060 1995 2247 2040 vitaeim-

1205 2049 1391 2094 mortalis
1421 2049 1663 2093 exordium.

1263 2107 1428 2150 Abeant
1462 2107 1588 2161 igitur
1618 2106 1692 2148 suae
1710 2121 1803 2149 cum
1822 2105 2013 2152 dossrinae
2029 2107 2240 2153 blanditiis

1202 2163 1394 2207 nostrates
1425 2162 1636 2219 magistri,
1671 2162 1737 2216 qui
1757 2194 1768 2216 ,
1802 2177 1846 2206 ut
1878 2165 2143 2218 aitEnnius‚
2171 2167 2239 2219 sui

1202 2219 1362 2277 quaestus
1388 2220 1505 2273 causa
1523 2219 1642 2272 fic‘sas
1660 2219 1856 2273 suscitant
1877 2221 2121 2275 sententias,
2154 2225 2247 2278 qui-

1203 2294 1282 2334 que
1330 2277 1580 2320 abstinentiae
1610 2275 1864 2321 desuetudine
1896 2279 2076 2322 tenacius
2107 2279 2247 2335 impli-

1203 2347 1298 2378 cant
1340 2335 1500 2377 animos
1543 2333 1658 2377 rebus
1691 2333 1848 2377 caducis
1871 2365 1884 2388 ,
1916 2335 1960 2378 δε
1990 2336 2245 2392 negligentia

1207 2390 1434 2446 poenalium
1461 2406 1632 2446 operum
1657 2389 1704 2434 in
1732 2389 1817 2433 vita
1831 2391 2088 2437 difficultates
2101 2410 2245 2437 omnes

1205 2461 1447 2493 coacervant
1480 2448 1528 2491 ad
1560 2459 1721 2502 tempus
1743 2448 1922 2500 mortis,
1955 2461 2026 2503 ut,
2058 2467 2151 2494 cum
2171 2451 2246 2494 ho*

1205 2505 1363 2549 minem
1386 2505 1539 2548 tamdiu
1563 2503 1812 2560 prodiderint
1832 2505 2145 2562 cupiditatibus,
2176 2524 2247 2550 co-

1204 2575 1305 2618 gant
1336 2577 1431 2605 eum
1464 2575 1611 2606 contra
1639 2560 1831 2605 dominos
1862 2562 1905 2606 &
1929 2563 2138 2608 diuturnos
2161 2564 2247 2607 suos

1206 2619 1430 2675 possessores
1477 2618 1673 2663 dimicare
1698 2649 1713 2672 ,
1756 2619 1965 2676 postquam
1997 2636 2094 2677 opes
2124 2621 2246 2665 vires-

1204 2692 1281 2733 que
1325 2691 1473 2720 omnes
1517 2675 1700 2730 longaeva
1745 2677 1898 2719 mentis
1925 2709 1936 2730 ,
1981 2677 2024 2720 δε
2056 2679 2246 2734 proxima

1204 2733 1383 2789 corporis
1436 2732 1700 2789 aegrotatione
1750 2733 2018 2778 consumserit
2045 2766 2054 2776 .
2099 2735 2239 2778 Faces-

1207 2790 1292 2833 sant
1332 2807 1355 2833 a
1403 2790 1737 2834 Christianorum
1784 2789 1929 2834 scholis
1960 2791 2125 2836 fallaces
2163 2791 2242 2834 illce

1205 2846 1548 2890 distinffiiunculae
1591 2847 1839 2904 liquidorum
1886 2848 1930 2891 &
1979 2848 2195 2891 solidorum
2231 2880 2243 2901 ,

1205 2904 1352 2960 quibus
1408 2904 1606 2955 jejunium
1664 2903 2034 2959 restinguendarum
2089 2905 2242 2960 cupidi-

1207 2973 1337 3004 tatum
1402 2961 1629 3005 remedium
1691 2959 2016 3015 potentissimum
2081 2961 2241 3004 sustule-

1207 3029 1303 3061 runt
1329 3018 1593 3074 ,quibusque
1621 3049 1633 3072 ,
1664 3029 1709 3059 ut
1743 3019 1796 3059 D.
1829 3017 2076 3071 Hieronymi
2110 3017 2239 3060 verbis

1208 3086 1326 3128 utar,
1357 3073 1597 3129 abstinentiae
1611 3089 1745 3118 nomen
1759 3073 1964 3171 §gaefivere
1977 3073 2161 3172 deliciciis5
2197 3086 2238 3114 ut

2042 3145 2091 3172 au
2119 3142 2239 3186 eant,
