2451 3470
216 87 319 136 302

204 143 279 187 lias
312 143 545 200 legitimas,
573 143 615 188 ὃ(
632 146 836 189 naturales
849 146 1076 200 adoptantis
1091 146 1157 188 sub
1173 161 1236 200 pa·

202 201 486 257 triapotestate
501 216 738 254 manente53
759 203 863 258 quod
895 203 1238 258 impedimentum

203 261 363 302 tollitur
396 259 456 302 vel
489 259 706 314 adoptione
737 259 946 312 dissoluta,
977 258 1041 302 vel
1074 259 1161 301 filio
1182 258 1237 302 le·

202 318 352 363 animo
383 316 428 359 ἃ
460 315 634 358 naturali
663 331 683 357 e
711 316 839 370 patria
854 316 1041 369 potestate
1055 316 1236 358 dimisso:

200 370 266 416 his
295 372 411 416 enim
426 372 555 416 modis
568 372 733 415 solvitur
749 371 877 427 legale
893 373 1105 415 vinculum
1123 403 1134 425 ‚
1166 387 1240 415 un-

201 432 249 474 de
277 430 621 484 impedimentum
646 429 850 472 oriebatur
865 430 930 480 (a)
942 430 1093 472 Tertio
1107 430 1240 472 affini-

199 488 297 532 tatis
328 502 485 543 quoque
517 483 784 529 similitudine
814 487 946 528 oritur
966 485 1236 541 impedimen-

200 556 291 588 tum
341 545 574 598 nuptiarum
608 545 715 585 inter
759 543 1022 597 adoptantem
1065 544 1105 585 ὅτ
1141 559 1238 586 uxo—

197 617 287 645 rem
319 599 549 652 adoptantis
565 628 574 639 .
604 600 668 650 (b)
691 599 837 641 Tertia
855 599 999 653 species
1014 599 1241 655 Cognati&-

199 659 265 701 nis
296 658 349 700 est
382 656 603 709 naturalis,
634 671 756 710 quam
782 655 989 699 carnalem
1004 655 1239 710 appellant,

196 728 286 772 quge
299 714 344 755 de
358 727 574 766 corporum
590 711 879 761 conjunctione
895 713 1104 767 procedit,
1135 728 1237 767 quae-

199 787 277 826 que
297 770 442 822 duplex
467 768 811 821 impedimentum
833 771 968 823 parit,
1000 769 1235 824 consangui-

198 827 338 870 nitatis
364 857 376 878 ,
406 825 449 867 ἃ
481 825 715 867 affinitatis.
749 825 1099 881 consanguinitas
1119 858 1130 876 ,
1165 825 1240 868 live

200 884 395 938 cognatio
407 882 460 924 est
476 896 601 925 nexus
615 881 874 935 personarum
889 897 938 925 ex
953 883 1094 925 eodem
1113 883 1241 935 stipite

201 938 529 983 descendentium
547 969 558 980 .
593 938 857 982 Distribuitur
875 953 1011 982 autern
1033 939 1242 993 Cogitatio

201 998 246 1041 in
277 995 428 1039 lineas:
465 995 583 1038 lineae
612 996 653 1037 in
667 995 839 1048 gradus:
873 996 979 1039 linea
993 995 1243 1038 estordinata

202 1054 317 1097 series
360 1051 621 1108 personarum
667 1053 860 1107 languine
903 1032 1268 1105 conjunb’tarum3l

204 1111 351 1167 gradus
386 1125 480 1153 vero
516 1110 602 1150 sunt
634 1109 894 1163 personarum
928 1109 1242 1164 generationes,

200 1167 349 1223 quibus
381 1179 591 1222 tamquam
627 1165 787 1220 punffls
820 1166 928 1209 linea
954 1166 1242 1221 componitur,

201 1225 245 1268 ἃ
277 1224 466 1267 dicuntur
497 1223 641 1276 gradus
669 1254 682 1276 ‚
713 1223 807 1278 quia
839 1222 1007 1266 illorum
1038 1222 1242 1265 ordinatio

202 1281 322 1324 scalas
352 1280 655 1334 quodammodo
684 1280 851 1322 exhibet
879 1312 887 1321 .
924 1279 1049 1323 Linea
1081 1280 1134 1322 est
1171 1280 1239 1321 du-

203 1340 294 1394 plex
311 1369 324 1390 ,
357 1337 461 1379 ressa
477 1369 489 1390 ,
520 1336 796 1379 &transversa
812 1368 821 1378 .
851 1337 974 1379 Reera
991 1337 1176 1379 similiter
1189 1336 1241 1377 est

203 1395 375 1449 duplex,
408 1393 736 1435 adscendentium
773 1393 924 1437 scilicet
957 1409 1035 1436 una
1058 1425 1070 1446 ,
1100 1393 1142 1435 ἃ
1163 1392 1242 1435 alia

198 1452 252 1495 iis
281 1451 462 1506 opposita
495 1449 823 1492 descendentium
842 1451 891 1492 ab
907 1450 1242 1493 adscendentibus

203 1521 489 1562 generatorum
509 1539 516 1548 .
551 1508 599 1548 In
623 1507 729 1549 linea
750 1506 967 1550 transversa
987 1507 1241 1551 collocantur

200 1565 231 1609 ii
252 1597 264 1618 ‚
294 1565 362 1619 qui
394 1565 535 1607 eodem
568 1580 589 1605 a
623 1564 754 1618 stipite
785 1570 988 1618 pendent,
1020 1578 1241 1619 eorumque

202 1621 482 1665 descendentes
505 1652 515 1670 ,
547 1620 616 1674 qui
650 1621 791 1663 eodem
825 1622 874 1662 ab
912 1621 1041 1675 ssipite
1075 1622 1242 1663 venien-

200 1690 258 1723 tes
289 1678 398 1722 inter
429 1678 462 1721 se
495 1678 682 1720 collocati
711 1676 928 1733 gradibus,
963 1677 1241 1720 transversales

201 1735 489 1790 appellantur:
527 1748 583 1778 uti
618 1739 708 1778 {unt
741 1734 850 1777 inter
877 1734 912 1777 se
944 1733 1086 1777 fratres
1117 1734 1160 1777 ὃς
1185 1735 1235 1775 so-

198 1809 336 1844 rores,
367 1792 435 1847 qui
473 1803 627 1845 patrem
658 1792 834 1834 eundern
866 1791 1019 1842 habent
1051 1806 1237 1834 commu-

198 1865 294 1893 nem
311 1881 324 1903 ,
355 1849 397 1892 δε
422 1848 593 1891 fratrum
625 1864 670 1890 ac
703 1848 881 1890 sororum
898 1847 971 1890 filii
995 1879 1007 1900 ,
1038 1848 1104 1903 qui
1126 1862 1232 1890 com-

196 1922 367 1950 munem
402 1906 551 1948 habent
581 1921 732 1956 avum,
763 1905 806 1946 &
835 1904 884 1946 fic
904 1904 1115 1958 deinceps.
1151 1905 1234 1947 Est-

198 1980 275 2020 que
302 1962 756 2005 lineatransversaitem
769 1961 913 2016 duplex
931 1993 944 2015 ,
975 1960 1164 2016 requam,
1195 1960 1239 2003 ἅ

197 2019 407 2075 inaequalis
425 2037 434 2060 z
455 2019 617 2074 aequalis
631 2033 773 2060 eorum
792 2049 804 2071 ,
824 2019 930 2073 quia
945 2018 1159 2061 communi
1176 2018 1235 2060 sti-

200 2078 285 2132 pite
311 2077 457 2119 distant
473 2076 633 2132 paribus
648 2074 903 2128 intervallis,
937 2074 1163 2127 utfratreS,
1195 2075 1238 2117 δε

201 2134 370 2183 sorores,
384 2132 451 2188 qui
466 2132 676 2188 aequaliter
689 2132 833 2175 distant
846 2148 866 2174 a
881 2145 994 2187 patre
1011 2148 1023 2184 3
1047 2131 1149 2174 item
1166 2131 1236 2173 ho-

203 2207 295 2234 rum
333 2190 407 2233 filii
430 2222 442 2243 ,
474 2190 696 2245 quiabavo
714 2187 1105 2244 aequaliterdiflant:
1138 2189 1232 2231 inae-

199 2247 331 2306 qualis
357 2263 452 2289 vero
476 2247 528 2290 est
552 2261 721 2299 eorum,
753 2248 822 2301 qui
839 2246 945 2288 inter
960 2245 1238 2288 seintervallis

202 2306 348 2348 distant
373 2303 638 2358 inaequalibus
655 2335 666 2355 ,
698 2317 952 2358 quorumque
967 2318 1069 2346 unus
1086 2303 1234 2345 sursum

201 2361 354 2414 fertur,
386 2360 490 2403 alter
506 2361 687 2402 deorsum
707 2391 718 2412 ,
753 2373 793 2401 ut
811 2359 944 2402 fratris
958 2359 1086 2411 filius,
1111 2360 1149 2401 ἃ
1168 2376 1234 2414 pa-

199 2431 310 2462 truus
332 2449 345 2471 ,
378 2433 523 2471 nempe
550 2417 671 2459 frater
696 2418 850 2472 patris,
880 2417 947 2472 qui
975 2416 1186 2459 suntinter
1203 2417 1235 2459 se

197 2474 518 2526 consanguinei,
548 2475 641 2528 quia
669 2489 934 2516 communem
962 2473 1231 2528 habentstipi—

198 2545 310 2586 tem,
342 2532 629 2586 Sempronium
645 2545 738 2586 puta
755 2563 765 2582 ,
801 2547 914 2586 aquo
931 2530 1113 2573 natusest
1128 2529 1235 2581 Seius

199 2604 314 2646 pater
325 2589 417 2639 Caii
434 2620 446 2641 ,
467 2588 508 2630 δὲ
524 2588 744 2630 Cornelius
759 2619 770 2640 ,
791 2590 858 2643 qui
875 2587 966 2638 Caji
983 2587 1035 2629 est
1047 2600 1235 2642 patruus.

199 2646 337 2702 Igitur
349 2644 473 2696 Cajus
491 2661 571 2687 uno
587 2645 709 2697 gradu
727 2643 895 2687 inferius
910 2676 922 2696 ,
943 2659 1064 2698 quam
1082 2645 1238 2687 Corne-

201 2704 277 2746 lius
308 2702 506 2745 descendit
538 2718 558 2742 a
590 2701 833 2754 Sempronio
848 2701 1232 2752 communistipite:

201 2761 267 2803 cui
301 2758 520 2801 Cornelius
551 2758 603 2800 est
633 2757 739 2800 filius
763 2789 774 2811 ,
825 2757 948 2807 Caius
980 2757 1032 2798 est
1066 2772 1189 2810 nepos
1221 2775 1229 2799 t

200 2817 369 2871 ideoque
416 2815 504 2858 sunt
547 2814 591 2856 in
636 2813 744 2857 linea
787 2813 1013 2856 transversa
1057 2814 1232 2869 inaequa-

769 2995 870 3004 ——m
877 2993 1233 3005 ———-———-—-

199 2999 434 3071 ‘Tg-572?
458 3033 511 3068 per
533 3027 739 3067 adoptionem
767 3034 814 3064 30.
842 3037 874 3067 q.
902 3034 928 3063 3>
953 3026 975 3056 l.
1009 3035 1057 3063 17.
1095 3025 1131 3056 de
1173 3035 1228 3056 νει.

199 3081 323 3156 Μῗῖἵ
339 3116 493 3153 semeher,
515 3113 575 3147 tib.
600 3124 635 3154 7.
660 3115 696 3147 A:
721 3114 874 3148 Matrim-
902 3113 1021 3155 disput.
1049 3123 1101 3155 73-
1130 3125 1160 3146 η.
1183 3124 1231 3153 17.

739 31 1817 131 thTtTUTIONEs

1289 148 1316 190 li
1342 179 1356 203 ,
1398 164 1485 204 quae
1529 150 1632 193 ratio
1676 166 1746 204 per
1783 161 1937 194 ceteros
1965 148 2125 197 ducitur
2153 151 2330 210 gradu33

1286 206 1488 260 quoniam
1515 219 1651 250 autem
1668 207 1777 250 inter
1801 219 1997 261 cognatos
2026 209 2069 252 ὃ(
2088 212 2329 266 consangui0

1290 276 1386 306 neos
1405 263 1458 305 ob
1481 263 1713 307 naturalem
1727 263 1978 306 honestatem
1995 266 2113 320 usque
2132 267 2179 310 ad
2199 271 2330 311 certos

1288 320 1430 371 gradus
1454 332 1537 363 tam
1558 321 1652 371 Jure
1666 319 1827 374 Civili,
1857 335 1980 376 quarn
2000 322 2213 367 Pontificio
2226 339 2331 379 nup-

1288 375 1357 418 tiae
1383 376 1471 420 lunt
1500 376 1744 432 prohibitae3
1777 377 1863 420 ideo
1877 377 2072 432 graduum
2089 393 2331 435 computan-

1287 433 1431 476 dorum
1470 434 1575 478 ratio
1614 434 1890 490 cognoscenda
1914 433 1968 477 est
1987 466 2000 487 ,
2047 446 2089 476 ut
2110 435 2331 481 discernere

1290 491 1504 544 possimus,
1535 492 1739 546 quousque
1755 492 1906 545 nuptiae
1921 491 2238 546 permittantur3
2268 508 2331 537 at-

1288 562 1364 601 que
1388 548 1430 589 in
1453 547 1560 590 linea
1573 547 1736 602 quidem
1752 548 1855 590 rctPta
1870 562 1957 590 tam
1969 547 2298 592 adscendentium
2316 581 2332 603 ,

1288 618 1410 657 quam
1425 604 1753 646 descendentium
1771 603 1958 658 quaelibet
1974 606 2140 657 persona
2159 606 2331 660 gradum

1289 659 1498 702 constituit
1518 678 1525 700 ε
1546 661 1648 703 unde
1664 661 1770 703 filius
1783 661 1885 715 patri
1901 661 1952 702 est
1967 661 2012 702 in
2027 662 2162 715 primo
2181 662 2332 716 gradu,

1288 715 1382 770 quia
1420 717 1524 759 inter
1548 732 1615 758 eos
1639 717 1753 759 nulla
1774 717 1853 759 alia
1887 717 2052 770 persona
2091 718 2332 761 intercedit.

1291 774 1432 825 Nepos
1453 789 1549 815 vero
1568 773 1710 815 estavo
1730 774 1959 817 insecundo
1978 774 2101 827 gradu
2117 805 2128 826 ,
2160 776 2254 829 quia
2271 775 2333 816 in-

1292 842 1350 869 ter
1375 844 1441 870 eos
1466 829 1682 872 intercedit
1707 843 1818 884 pater
1838 861 1851 882 ,
1882 830 1926 872 &
1951 830 2002 872 sic
2028 830 2070 872 in
2090 831 2332 885 infinitum,

1289 898 1376 926 tam
1392 886 1539 927 sursum
1557 917 1568 938 ‚
1601 901 1723 940 quam
1745 886 1955 929 deorsum:
1991 898 2078 929 tum
2097 902 2145 929 ex
2161 903 2333 941 compu-

1291 942 1442 985 tatione
1459 943 1563 993 JurlS
1578 943 1729 985 Civilis
1745 974 1757 995 ,
1771 956 1858 985 tum
1877 958 1924 986 ex
1940 945 2248 996 computatione
2262 945 2334 995 Ju-

1293 999 1344 1039 ris
1367 999 1573 1041 Canonici
1595 1030 1607 1050 ,
1640 1001 1784 1052 quibus
1809 999 1960 1049 juribus
1981 1013 2039 1041 tot
2063 1014 2335 1043 numerantur

1293 1056 1334 1096 in
1374 1055 1483 1097 linea
1523 1055 1625 1097 recta
1659 1057 1802 1110 gradus
1826 1087 1839 1107 ,
1882 1068 1980 1109 quot
2007 1056 2097 1098 sunt
2126 1057 2299 1109 personae
2318 1087 2336 1111 ,

1292 1128 1369 1153 una
1383 1113 1548 1164 demta,
1584 1114 1715 1163 unde,
1746 1111 1866 1165 quia,
1899 1113 2036 1153 demto
2051 1125 2158 1164 patre
2178 1145 2191 1165 ,
2225 1114 2335 1167 supe-

1293 1171 1364 1210 reit
1380 1170 1484 1211 filius
1507 1200 1518 1219 ,
1548 1168 1737 1210 demtove
1754 1167 1838 1210 filio
1853 1199 1864 1218 ‚
1899 1168 2064 1223 superest
2083 1182 2194 1223 pater
2209 1201 2221 1222 ‚
2241 1185 2334 1224 pro-

1296 1239 1431 1279 pterea
1463 1226 1503 1266 hi
1526 1225 1931 1278 pnmosuntinrerse
1945 1225 2092 1279 gradu:
2128 1241 2252 1281 nepos
2265 1241 2334 1269 ve-

1292 1299 1336 1324 ro
1351 1298 1444 1325 cum
1466 1297 1542 1324 avo
1558 1284 1609 1324 est
1626 1284 1666 1323 in
1685 1282 1854 1324 secundo
1870 1313 1882 1333 ,
1896 1297 1989 1335 quia
2006 1283 2095 1323 lunt
2110 1295 2189 1324 tres
2203 1283 2335 1338 perso-

1293 1354 1381 1392 nae,
1411 1354 1509 1381 avus
1539 1354 1687 1391 nempe
1717 1351 1852 1392 pater,
1884 1338 1926 1380 &
1959 1337 2091 1390 filius,
2122 1340 2334 1392 exquibus

1294 1412 1375 1437 uno
1394 1397 1532 1437 demto
1548 1427 1559 1447 ,
1594 1394 1794 1449 supersunt
1810 1395 1887 1437 duo
1945 1395 2048 1438 unde
2067 1396 2144 1437 duo
2157 1397 2334 1439 exis-'tunt

1290 1454 1433 1508 gradus
1460 1485 1471 1504 ,
1503 1466 1622 1507 atque
1651 1452 1692 1493 in
1725 1453 1798 1494 hac
1826 1452 1932 1494 linea
1965 1468 2013 1494 ex
2039 1466 2210 1505 utroque
2236 1454 2332 1504 Jure

1294 1510 1559 1562 prohibentur
1591 1509 1741 1562 nuptiae
1775 1509 1816 1550 in
1840 1509 2080 1552 infinitum.
2113 1523 2334 1564 quotcum-

1291 1583 1366 1621 que
1384 1598 1397 1619 ,
1428 1565 1492 1609 vel
1521 1567 1786 1608 remotissimo
1805 1565 1930 1620 gradu
1955 1565 2129 1619 personae
2167 1564 2278 1608 inter
2298 1565 2332 1609 se

1291 1624 1460 1666 distent.
1494 1623 1549 1676 [c]
1588 1624 1633 1663 ln
1666 1622 1850 1677 gradibus
1884 1637 1979 1664 vero
2012 1621 2126 1664 lineae
2146 1635 2333 1666 tranver-

1293 1682 1336 1721 {ae
1352 1711 1364 1732 ,
1399 1696 1544 1733 nempe
1567 1681 1607 1720 in
1623 1679 1946 1728 collateralibus,
1981 1694 2180 1733 magnum
2201 1679 2331 1722 estdi-

1293 1736 1464 1779 i'crirnen
1498 1737 1603 1778 inter
1618 1737 1687 1786 Jus
1707 1736 1846 1792 Civile
1860 1750 1905 1777 ac
1921 1735 2210 1778 Pontificium:
2234 1751 2332 1779 nam

1288 1794 1357 1843 Jus
1390 1793 1529 1835 Civile
1564 1808 1646 1833 non
1680 1792 1837 1834 inducit
1869 1792 2051 1846 primurn
2086 1793 2253 1843 gradum
2286 1792 2330 1835 in

1290 1849 1642 1901 transversalibus,
1675 1863 1768 1891 cum
1799 1862 1898 1903 quot
1929 1847 2071 1898 gradus
2106 1848 2330 1901 prodeant,

1291 1920 1349 1948 tot
1368 1905 1444 1948 sint
1464 1907 1770 1961 generationes:
1790 1904 1892 1946 unde
1910 1903 2031 1946 frater
2050 1903 2092 1946 ἅ
2108 1904 2215 1947 soror
2235 1936 2247 1957 ,
2261 1905 2332 1959 qui

1288 1964 1365 2005 duo
1389 1964 1476 2004 sunt
1497 1962 1804 2018 generationes,
1838 1962 1945 2003 inter
1974 1960 2007 2001 se
2039 1960 2207 2003 secundo
2231 1976 2332 2004 con-

1288 2019 1511 2074 junguntur
1527 2051 1535 2061 .
1571 2019 1641 2061 Ast
1662 2020 1704 2061 in
1730 2016 2054 2061 transversalibus
2075 2018 2168 2067 Jure
2189 2018 2331 2061 Cano-

1289 2078 1381 2120 nico
1406 2076 1559 2119 diversa
1575 2075 1709 2132 regula
1727 2074 1919 2127 traditur,
1935 2089 2083 2129 nempe
2098 2073 2188 2117 talis
2204 2090 2216 2127 ·,
2230 2091 2331 2128 quo-

1292 2146 1334 2176 to
1354 2134 1473 2185 gradu
1497 2133 1670 2188 personae
1699 2132 1845 2175 distant
1875 2149 1896 2173 a
1925 2131 2139 2174 communi
2171 2132 2330 2185 stipite,

1286 2190 1427 2233 eodem
1454 2190 1600 2232 distant
1622 2189 1806 2241 interse3
1832 2188 1934 2232 unde
1959 2187 2052 2242 quia
2070 2189 2148 2230 duo
2173 2187 2247 2230 filii
2267 2188 2328 2232 di-

1288 2247 1389 2289 stant
1404 2248 1509 2289 inter
1525 2247 1557 2289 se
1572 2245 1820 2289 acommuni
1845 2260 1954 2300 patre
1967 2260 2049 2287 uno
2071 2245 2194 2300 gradu
2211 2261 2222 2296 3
2239 2244 2328 2288 ideo

1285 2303 1363 2346 duo
1396 2303 1539 2346 fratres
1567 2335 1578 2354 ,
1630 2316 1699 2346 aut
1748 2302 1868 2345 frater
1909 2302 1951 2344 ἃ
1998 2301 2106 2343 soror
2156 2302 2261 2344 inter
2292 2300 2327 2345 se

1289 2375 1370 2403 uno
1401 2349 1523 2416 gradu
1555 2359 1786 2403 distabunt:
1820 2359 1864 2402 δι
1894 2357 1990 2414 quia
2023 2369 2216 2412 nepotes,
2248 2358 2328 2401 hoe

1287 2417 1340 2460 est
1371 2418 1445 2460 filii
1477 2418 1650 2460 duorum
1684 2416 1855 2459 fratrum
1881 2448 1894 2468 ‚
1924 2415 2069 2458 distant
2100 2413 2245 2468 singuli
2278 2415 2329 2459 ab

1285 2489 1362 2516 avo
1411 2474 1564 2516 duobus
1595 2474 1779 2527 gradibus
1813 2504 1825 2527 ,
1868 2472 2022 2514 duobus
2064 2471 2164 2514 item
2196 2472 2329 2525 gradi-

1287 2532 1357 2572 bus
1388 2531 1589 2573 distabunt
1625 2532 1731 2573 inter
1764 2531 1832 2571 se.
1877 2528 1961 2581 [d]
2007 2528 2058 2569 In
2092 2526 2198 2588 linea
2233 2544 2327 2572 vero

1284 2588 1505 2630 transversa
1539 2586 1727 2642 insequali
1761 2587 1844 2628 haec
1874 2586 2015 2628 eodem
2065 2599 2115 2626 ex
2147 2600 2233 2634 jure
2265 2593 2326 2628 re*
2359 2626 2370 2633 ,

1284 2643 1378 2699 gula
1412 2644 1582 2686 traditur
1614 2673 1624 2684 .
1668 2644 1808 2687 Quoto
1852 2641 1973 2695 gradu
2019 2641 2219 2684 remotior
2261 2641 2339 2684 di-‘

1284 2703 1353 2742 ilat
1385 2717 1406 2742 a
1436 2699 1648 2742 communi
1685 2699 1814 2753 stipite
1847 2730 1860 2749 ,
1908 2697 2049 2740 eodem
2084 2696 2228 2740 distant
2261 2698 2325 2740 in·

1283 2757 1414 2807 terse3
1445 2757 1607 2798 ducitur
1633 2756 1744 2797 enim
1767 2755 1869 2798 ratio
1897 2772 1918 2800 a
1936 2753 2183 2808 remotiore,
2206 2767 2249 2797 ut
2266 2755 2324 2797 la-

1283 2828 1365 2856 txor
1389 2813 1557 2856 facultas
1586 2812 1873 2856 Matrimoniis
1905 2812 2155 2869 praebeatur3
2181 2812 2323 2911 {taque
2362 2849 2367 2852 .

2044 2886 2055 2887 ff
2201 2883 2329 2913 ratris·

1729 2993 2058 3005 ———-——---—ae-
2067 2992 2313 3006 --—--—-⁴-=

1325 3027 1342 3064 ζ
1365 3024 1411 3062 c)
1442 3028 1516 3066 Lag.
1545 3026 1666 3064 nuptie
1694 3035 1742 3064 33.
1765 3021 1803 3067 ff
1829 3024 1866 3056 de
1891 3025 1958 3057 ritu
1981 3014 2073 3067 culpe.
2102 3025 2130 3064 §.
2155 3034 2228 3065 ergo
2250 3033 2300 3054 ora

1284 3079 1338 3102 nes
1363 3068 1431 3105 inl?
1463 3071 1500 3101 de
1525 3077 1617 3110 nupt.
2036 3074 2063 3098 ,ψ’

1326 3113 1412 3156 (d)
1440 3117 1473 3146 C.
1492 3115 1540 3147 *ad
1560 3114 1666 3155 sedem
1690 3116 1767 3157 cap.
1793 3115 1961 3157 parentela
1988 3123 2036 3155 35.
2080 3121 2146 3156 ⁴15.
