2451 3470
214 129 278 196 38

597 122 742 173 DE
822 117 1366 171 ROMANO
1449 115 2015 181 IMPERIO

262 201 327 239 Ξε.
359 196 424 236 τὸν
453 194 490 234 ἓν
521 209 610 234 ποτε
630 224 640 237 ,
681 193 739 240 '4⁴11'
765 193 1037 251 ετιχωρήςομεν
1077 189 1143 229 ἓπυ
1169 190 1272 252 Σει-ι

1293 190 1418 235 tionis
1447 190 1638 233 humanae
1658 221 1669 242 ,
1703 204 1788 246 quoe
1822 187 2065 243 civitatem,
2110 189 2155 233 &
2187 183 2338 232 militi·

213 254 271 294 νῆς
302 282 313 299 ,
354 251 410 298 ‘4231
450 248 610 302 μεγάλης
650 250 783 300 «τέχνης
823 250 1015 300 ξυμπασης
1055 250 1111 286 ‘vis
1140 253 1361 293 maxe-{arn
1386 249 1570 305 peperit,
1603 248 1650 290 ad
1671 248 1869 290 Senatum
1890 278 1902 300 ,
1933 247 1975 289 ὅ(
1998 246 2336 302 Rempublicam,

209 308 315 358 μικῆς
355 306 518 346 δεπάων
565 303 837 349 ἁποφαήνεσβοα
863 333 874 344 ,
916 303 1053 350 mam
1104 300 1151 344 Sn'
1191 299 1247 340 ‘niu

206 361 324 403 ὅνσανς
356 364 446 402 ἦσαν
476 358 668 406 βαστλικὴν
700 372 711 404 3
744 358 808 396 Σω
838 354 993 406 §Sturam
1025 355 1114 397 ὂὶλην
1140 385 1148 393 .
1182 357 1246 396 22v

210 417 255 457 ain
283 416 352 457 ἇεοε
381 414 565 456 πολιτικήν
609 410 778 462 &bo-:fiexa
816 410 1065 460 dvnpevxn'vy'aes
1111 408 1203 449 §aaa
1235 440 1247 459 ‚

209 472 269 511 ‘viv
299 473 364 509 σῶν
394 472 574 520 epam-weil*
606 498 616 515 ,
651 466 850 518 ἐ-πιςήμης.
881 468 948 516 (a)
990 467 1086 507 Ideo
1121 466 1248 519 perire

208 525 380 571 Senatui
426 537 638 579 nunquam
684 534 841 576 poterat
871 521 930 573 jus
966 522 1137 575 Imperii
1170 522 1248 565 sive

211 583 404 636 creandi,
451 583 528 626 sive
562 579 754 634 regendi,
789 579 869 621 sine
902 579 1158 624 dissolutione
1190 579 1249 622 ci-

209 642 306 685 vilis
348 639 551 696 potestatis
584 652 687 679 vivae
721 636 858 691 populi
895 638 1075 680 Romani
1110 653 1250 693 perpe-

211 712 286 744 tuo
319 697 510 742 haerentis
544 695 897 750 incumbentisque
942 694 985 737 in
1018 694 1248 738 immortali

212 772 411 811 corpore,
443 767 562 810 atque
596 754 637 795 in
672 751 768 795 urbe
801 751 983 807 principe
1017 767 1151 796 rerum
1173 751 1249 796 hu-

209 829 458 866 manatum,
489 826 576 868 que
608 809 668 861 jus
700 821 896 853 aeternum
931 810 1129 853 retinebat
1163 810 1245 853 Im-

210 871 341 928 perii:
377 883 422 915 ut
454 870 496 913 in
531 866 683 912 milites
713 865 756 909 δι
791 868 1065 922 Imperatores
1085 880 1250 910 tantum

212 929 456 974 exercitium
490 924 690 969 transierit
719 923 830 968 illius
851 956 863 978 ,
896 925 951 967 ita
984 923 1167 968 futurum
1195 926 1251 968 le-

213 986 438 1043 gitimum,
473 984 498 1027 fi
531 982 639 1026 orbis
671 993 784 1024 terrae
817 982 986 1025 consilio
1017 982 1061 1025 ὃ(
1081 983 1253 1026 Senatus

211 1043 452 1087 auftoritate
483 1039 820 1095 comprobaretur
852 1070 861 1082 .
893 1040 1068 1084 Etenim
1098 1038 1142 1082 &
1179 1040 1253 1095 ipsi

211 1101 393 1154 milites,
437 1099 463 1142 si
507 1097 669 1155 quando
720 1111 804 1140 non
846 1097 1060 1152 expefi’tato
1091 1097 1254 1141 decreto

213 1161 412 1210 Senatus,
446 1156 652 1200 summum
675 1154 744 1197 fibi
760 1156 922 1198 Ducem
941 1154 1161 1209 creassent3
1192 1155 1254 1199 su-

214 1231 287 1259 um
319 1214 474 1259 fastum
509 1228 590 1256 non
613 1211 725 1265 jure,
761 1212 821 1256 sed
841 1214 1069 1257 necessitate
1089 1212 1255 1257 consue-

214 1287 362 1317 verant
395 1271 609 1324 excusare,
641 1282 686 1312 ut
706 1269 828 1312 tradit
849 1270 1055 1326 Lamprid.
1077 1270 1119 1313 in
1133 1271 1254 1314 Alex.

215 1342 346 1387 capa.
378 1329 442 1372 his
474 1328 634 1372 verbis:
672 1328 834 1369 Milites
861 1328 945 1380 jam
977 1328 1255 1382 consueverant

209 1388 292 1442 fibi
324 1390 605 1443 Imperatores,
650 1383 705 1427 (9¹
736 1386 992 1427 tumultuario
1022 1379 1170 1439 judicio
1184 1384 1254 1439 fa·

215 1462 295 1488 cere
317 1477 328 1499 ,
362 1445 415 1488 (9¹
449 1445 542 1486 item
568 1440 691 1497 facile
721 1457 895 1496 musare,
927 1441 1131 1498 afferentes
1161 1460 1257 1485 non-

216 1519 422 1558 nunquam
465 1501 520 1544 ad
559 1498 816 1553 defensionem
854 1500 898 1554 se
931 1502 1071 1542 idcirco
1096 1499 1255 1555 fectffe,

216 1562 323 1616 quod
353 1557 554 1614 nesciffent
572 1560 762 1600 Senatum
789 1558 1014 1612 Principem
1034 1554 1255 1613 appellaffe.

213 1620 286 1662 En
308 1618 442 1674 Igitur
467 1616 539 1671 ipsi
565 1615 721 1658 milites
747 1614 932 1658 farentur
953 1617 996 1657 in
1027 1617 1257 1671 Imperato-

216 1676 272 1719 ris
304 1675 509 1719 creatione
542 1673 716 1728 potiores
754 1684 942 1726 patrum,
986 1689 1110 1729 quam
1143 1671 1257 1716 mili-

218 1745 310 1777 tum
342 1731 454 1775 fuisse
487 1743 641 1786 partes.
675 1731 812 1785 Atque
845 1730 933 1773 ideo
965 1746 1058 1773 cum
1086 1732 1259 1774 Senatus

217 1789 505 1834 Alexandrum
525 1789 721 1831 Severum
739 1787 859 1830 vellet
874 1788 1074 1843 imperare
1089 1820 1100 1841 ,
1116 1788 1260 1831 omnia

217 1847 338 1891 simul
386 1846 424 1890 ei
470 1845 649 1889 contulit
692 1845 954 1900 imperatoria
989 1877 1001 1899 ‚
1048 1861 1097 1888 ne
1131 1846 1156 1889 si
1190 1845 1259 1900 qui

218 1905 455 1957 differrent,
489 1902 642 1946 milites
657 1901 939 1958 ignorantiam
974 1903 1191 1946 creationis
1214 1902 1259 1944 si-

218 1963 454 2015 minantes,
487 1960 614 2003 veluti
649 1960 886 2015 negligente
917 1961 1096 2013 Senatu,
1128 1960 1171 2003 ὃς
1193 1959 1260 2002 usu

221 2019 419 2075 Reipubl.
480 2017 666 2074 poscente
693 2030 713 2070 ,*
769 2032 953 2061 crearent
1000 2017 1127 2062 aliurn
1157 2050 1165 2060 .
1220 2019 1249 2059 I-

220 2077 296 2121 deo
338 2076 535 2120 Claudius
580 2074 850 2130 Capellianus
894 2076 999 2130 apud
1037 2076 1260 2130 Vopiscum

221 2136 280 2178 ita
313 2135 541 2178 restitutum
569 2133 737 2176 Senatui
764 2132 823 2184 jus
843 2149 864 2175 a
887 2133 1090 2177 militibus
1109 2133 1259 2189 gloria-

221 2205 312 2235 tur:
347 2192 434 2234 Nos
465 2195 644 2245 (nempe
663 2192 905 2244 Senatores,
937 2207 986 2234 ex
1010 2193 1154 2246 quibus
1179 2204 1261 2233 erat

224 2251 360 2300 unus)
391 2249 479 2292 Nos
511 2249 723 2302 Pri'nct‘pes
748 2247 949 2302 facimus,
983 2247 1100 2303 nostri
1113 2249 1263 2290 ordinis

218 2308 316 2364 sunt
354 2305 584 2361 potestates.
616 2307 784 2348 Gratias
824 2308 1012 2349 exercitui
1048 2308 1228 2349 Romano
1251 2337 1263 2358 ,

215 2364 283 2413 (9‘
313 2381 403 2407 vere
433 2365 640 2407 Romano:
670 2364 847 2406 reddidit
860 2364 1265 2419 nobisquamsemper

223 2422 436 2468 habuimus
465 2420 715 2477 potestatem.
750 2423 805 2463 Et
832 2420 968 2473 paullo
991 2422 1097 2476 post:
1138 2424 1260 2476 Impe-

228 2493 376 2524 ratores
405 2480 574 2533 damus,
606 2479 812 2534 Principes
827 2477 1004 2531 facimus
1017 2494 1037 2530 ,-
1064 2477 1262 2535 poffumus

221 2537 284 2582 <9³
308 2537 536 2593 prohibere,
568 2537 641 2591 qui
670 2538 853 2591 caepimus
876 2535 1033 2589 facere.

284 2597 398 2638 Cum
447 2595 562 2638 enim
594 2593 681 2644 jura
716 2593 865 2647 publici
901 2593 1115 2650 regiminis
1147 2592 1265 2649 ipsius

227 2651 409 2697 civitatis
443 2651 736 2696 constitutione
770 2652 1093 2705 contineantur,
1135 2652 1179 2695 ἃ
1211 2652 1265 2694 ci-

230 2710 342 2754 vitas
385 2709 531 2755 versari
575 2719 750 2765 nequeat
802 2708 843 2751 in
875 2709 1060 2752 exercitu
1102 2724 1268 2765 corpore

231 2783 339 2824 vago
388 2767 431 2812 δε
462 2766 647 2818 incerto,
680 2778 873 2822 parteque
906 2766 1016 2809 illius
1048 2766 1237 2810 ministro
1258 2798 1270 2820 ‚

233 2840 360 2882 quem
403 2824 524 2869 unius
566 2824 645 2868 diei
689 2823 818 2867 clades
860 2823 943 2879 ipso
974 2840 1069 2868 cum
1100 2825 1198 2868 duce
1230 2841 1269 2866 a·

234 2882 433 2938 liquando
474 2882 709 2927 deleverit:
758 2897 808 2925 ne
851 2882 976 2929 nimis
1023 2882 1065 2925 in
1115 2881 1273 2926 lubrico

237 2941 344 2984 salus
395 2940 558 2994 publica
619 2940 834 2993 versetur,
890 2940 933 2984 &
975 2956 1119 2995 corpus
1151 2940 1274 2985 civile

233 2997 454 3056 periculis,
505 2998 571 3042 vel
613 2996 772 3048 injuriis
816 2997 1064 3042 militaribus
1106 2997 1275 3049 objicia-

236 3069 339 3111 tur,
383 3055 449 3100 lex
491 3055 576 3111 ipsa
627 3067 808 3109 naturae,
849 3054 896 3100 :fb
928 3057 1032 3100 ratio
1065 3056 1275 3100 conserva-

256 3173 367 3186 *μοι
375 3172 594 3184 u*—

278 3207 341 3245 (a)
369 3204 462 3239 Plato
476 3208 511 3238 de
527 3215 621 3248 regno
648 3212 724 3249 pag.
744 3215 817 3244 131·
865 3204 924 3246 (b)
959 3208 1002 3240 In
1016 3207 1123 3250 calig.
1146 3213 1275 3250 cap.59.

1296 320 1488 362 perpetuo
1521 305 1692 349 retrahit
1723 305 1962 358 copiarum,
1993 305 2036 347 &
2070 302 2338 359 Imperatoris

1295 364 1414 420 ipsius
1449 364 1681 418 supremum
1716 362 1901 417 regimen
1922 373 2041 417 atque
2063 362 2335 406 creationem:

1297 435 1339 465 ut
1372 422 1400 465 si
1433 421 1496 465 vel
1532 422 1764 476 Imperator
1796 434 1893 462 cum
1924 419 2105 462 exercitu
2137 420 2186 462 ab
2214 418 2339 462 hosti-

1297 481 1367 522 bus
1400 479 1666 534 profligemr,
1698 478 1761 520 vel
1797 477 1940 520 civitas
1988 476 2039 519 ab
2083 478 2340 532 Imperatore

1299 537 1365 580 suo
1397 536 1439 578 ὅ(
1472 535 1671 578 violentia
1705 534 1876 578 militari
1910 532 2172 576 dissolvatur:
2206 549 2342 577 emer·

1297 607 1365 649 gat
1398 592 1534 635 civilis·
1569 593 1762 647 potestaS,
1796 603 2047 645 exurgatque
2077 591 2249 633 Senatus
2269 606 2340 634 au-

1296 650 1488 702 ctoritas,
1521 665 1600 706 qua
1633 648 1698 691 vel
1727 664 1861 708 novus
1896 648 2087 690 mittatur
2117 648 2335 700 exercitus,

1300 708 1363 751 vel
1410 708 1602 763 Princeps
1658 705 1949 760 perduellionis
1999 706 2253 757 damnetur,
2297 705 2342 748 δε

1300 764 1501 808 violentia
1535 764 1730 807 militaris
1762 780 1784 806 a
1819 761 2045 817 Republica
2077 762 2342 815 deflectatur,

1300 835 1421 877 atque
1455 823 1511 865 ita
1543 823 1686 865 civitas
1720 820 1781 864 vel
1815 820 2018 873 hostibus,
2052 819 2115 863 vel
2148 819 2342 864 civilibus

1300 879 1458 931 injuriis
1490 877 1667 935 quassata
1700 890 1930 934 reparetur.
1965 879 2060 921 ideo
2093 891 2217 922 nemo
2252 876 2340 933 Irn-

1301 951 1538 993 peratorum
1583 935 1791 991 negligere
1833 948 1994 990 poterat
2024 935 2063 976 S.
2080 935 2131 975 C.
2167 932 2241 976 nisi
2273 948 2345 976 ex-

1302 994 1422 1048 presse
1455 994 1721 1048 tyrannidem
1756 993 2012 1047 profiteretur
2034 1007 2049 1032 .·
2094 1007 2191 1033 cum
2226 992 2345 1034 enim

1300 1051 1386 1103 jura
1418 1051 1598 1095 civitatis
1630 1065 1714 1093 non
1748 1051 1789 1093 in
1817 1050 2028 1102 exercitu,
2073 1047 2135 1090 sed
2178 1049 2223 1090 in
2258 1049 2341 1090 Re-

1301 1107 1464 1165 publica
1495 1108 1539 1151 &
1569 1110 1721 1151 Senatu
1753 1107 2050 1159 conderentur,
2094 1103 2177 1148 sine
2206 1104 2348 1148 aueto-

1303 1168 1421 1210 ritate
1466 1165 1719 1222 Reipublicae
1760 1180 1807 1209 ac
1848 1163 2012 1207 decreto
2054 1162 2227 1205 Senatus
2258 1176 2345 1206 non

1303 1225 1534 1280 Imperator
1564 1238 1587 1266 a
1617 1221 1847 1274 militibus,
1882 1221 1942 1264 sed
1974 1233 2173 1274 tyrannus
2202 1220 2246 1262 δι
2265 1219 2343 1262 ho-

1275 1281 1367 1324 ·stis
1412 1280 1553 1335 patriae
1580 1279 1811 1323 creabatur.
1845 1277 1943 1322 Ideo
1978 1279 2139 1320 variant
2171 1277 2342 1332 scripto-

1305 1353 1364 1383 τε
1417 1340 1461 1381 in
1515 1336 1767 1380 recensendis
1839 1336 2093 1387 temporibus
2125 1333 2301 1389 Imperii
2328 1365 2344 1389 ‚

1303 1394 1431 1450 aliqui
1465 1409 1595 1438 annos
1627 1405 1846 1437 numerent
1890 1409 1912 1434 a
1944 1393 2152 1435 creatione
2185 1390 2346 1436 milita-

1304 1454 1366 1505 ri,
1395 1451 1467 1498 alii
1499 1466 1621 1504 vero,
1654 1450 1766 1507 iique
1800 1449 2010 1504 peritiores
2040 1449 2192 1504 publici
2227 1447 2344 1504 juris,

1305 1526 1327 1552 a
1357 1509 1517 1552 decreto
1547 1510 1744 1561 Senatus,
1776 1520 1819 1551 ut
1849 1507 2036 1550 observat
2065 1507 2171 1560 apud
2201 1508 2346 1551 Sveto-

1307 1565 1425 1610 nium
1468 1566 1756 1609 casaubonus.
1799 1562 1888 1617 (b)
1920 1566 2205 1620 Quamobrem
2236 1581 2259 1608 a
2292 1564 2343 1608 ud

1306 1625 1504 1666 Taciturn
1547 1624 1627 1675 (c)
1675 1622 1791 1665 Otho
1821 1624 2057 1678 Imperator
2089 1622 2205 1666 suum
2237 1581 2344 1665 alie-

1307 1682 1388 1725 rius
1421 1681 1603 1736 Imperio
1647 1680 1908 1736 praeferebat,
1958 1679 2064 1737 quod
2106 1696 2130 1722 a
2163 1679 2197 1723 se
2231 1680 2351 1724 staret

1307 1740 1504 1791 Senatus,
1553 1736 1665 1789 cujus
1713 1753 1812 1783 voce
1861 1737 2047 1782 universa
2100 1737 2349 1794 Respublica

1309 1796 1570 1852 loqueretur,
1616 1811 1765 1851 perque
1799 1795 1966 1838 Parrum
1999 1794 2212 1839 decretum
2245 1794 2352 1852 legi-

1309 1854 1461 1896 timam
1491 1851 1694 1897 conferret
1715 1853 1954 1909 potestatem
1972 1884 1983 1906 ,
2017 1864 2060 1895 ut
2080 1865 2192 1908 patet
2210 1869 2261 1897 ex
2283 1854 2348 1896 his

1310 1910 1491 1952 Othonis
1523 1911 1684 1953 verbis:
1717 1909 1916 1953 Nationes
1946 1911 2109 1966 aliquas
2137 1912 2348 1967 occupavit

1298 1969 1514 2020 Vitellius,
1556 1969 1770 2024 imaginem
1809 1969 2014 2024 quandam
2057 1970 2247 2013 exercitus
2277 1969 2352 2012 ha-

1311 2024 1399 2066 bet.
1430 2027 1601 2068 Senatus
1630 2024 1832 2079 nobiscum
1863 2025 1938 2081 est.
1969 2027 2039 2069 Sic
2063 2025 2118 2079 fit
2137 2058 2150 2079 ,
2182 2038 2227 2069 ut
2257 2026 2352 2069 hinc

1310 2080 1583 2139 Respublica,
1626 2083 1718 2126 inde
1748 2082 1867 2138 hostes
1894 2081 2142 2139 Reipublicae
2176 2082 2354 2138 constite-

1311 2142 1415 2182 rint.
1449 2141 1570 2195 Quod
1613 2140 1739 2197 igitur
1781 2157 1830 2184 ex
1865 2157 2047 2193 naturae,
2079 2157 2126 2185 ac
2158 2143 2352 2197 gentium

1313 2197 1466 2253 legibus
1499 2197 1639 2252 venit,
1672 2212 1716 2241 ut
1737 2197 1811 2249 juri
1836 2198 2000 2253 publico
2024 2199 2130 2244 sedes
2152 2212 2348 2255 perpetua

1313 2256 1491 2298 tradatur
1512 2287 1526 2308 ,
1556 2272 1601 2299 ac
1617 2255 1798 2307 majestas
1817 2256 1880 2298 vel
1903 2256 1945 2299 in
1968 2273 2046 2300 una
2063 2289 2075 2310 ‚
2111 2257 2175 2300 vel
2191 2257 2235 2300 in
2257 2256 2352 2313 plu-

1314 2313 1447 2366 ribus,
1480 2313 1549 2355 sr'oi
1583 2313 1808 2356 successuris
1841 2313 2037 2367 familiis,
2081 2329 2152 2368 per
2196 2314 2357 2358 heredi-

1314 2371 1421 2418 tatii*
1458 2371 1575 2426 regni
1617 2370 1982 2427 constitutionem,
2023 2383 2095 2415 aut
2126 2371 2154 2415 si
2184 2371 2232 2415 de
2262 2371 2356 2415 aliis

1315 2429 1429 2471 rebus
1473 2427 1646 2483 publicis
1688 2442 1855 2485 agatur,
1898 2429 1942 2472 in
1974 2429 2096 2473 certis
2139 2428 2354 2473 ordinibus

1314 2486 1469 2528 civium
1511 2500 1724 2550 nunquam
1767 2486 1980 2540 perituris,
2026 2486 2199 2543 indeque
2235 2486 2356 2530 certis

1314 2558 1457 2586 eorum
1500 2542 1681 2586 consiliis
1724 2543 1990 2596 collocetur;
2032 2543 2072 2587 id
2103 2544 2231 2588 etiarn
2265 2560 2360 2600 pro-

1316 2600 1421 2643 cedit
1464 2615 1514 2643 ex
1557 2601 1751 2644 institutis
1795 2604 2113 2653 Romanorum,
2162 2602 2232 2658 qui
2275 2602 2360 2645 mi·

1319 2658 1434 2701 litare
1478 2657 1642 2713 quidem
1687 2660 1942 2705 exercitum,
1974 2659 2083 2716 quod
2116 2659 2244 2714 potest
2273 2658 2362 2702 abs-

1317 2732 1394 2772 que
1438 2716 1606 2759 interitu
1651 2717 1905 2771 Reipublicae
1946 2717 2136 2761 decedere
2166 2733 2189 2759 a
2223 2717 2357 2772 perso-

1321 2789 1370 2815 na
1404 2772 1627 2818 morientis
1661 2774 1896 2830 Principis,
1931 2775 2002 2819 uni
2046 2785 2240 2830 perpetuo
2282 2775 2360 2818 tri-

1321 2832 1520 2885 buerunt,
1569 2848 1693 2887 quern
1725 2832 1987 2888 appellarunt
2019 2835 2356 2887 Imperatorem3

1322 2888 1382 2941 jus
1412 2902 1549 2933 autem
1596 2890 1706 2934 illius
1751 2891 1953 2935 tribuendi
1985 2889 2238 2945 ejusdemque
2271 2905 2363 2932 mo-

1321 2946 1486 2989 derandi
1519 2979 1531 3001 ,
1583 2947 1883 3006 scatebramque
1942 2947 2155 2998 majestatis
2181 2978 2194 2999 ,
2235 2962 2362 3001 quam

1323 3017 1486 3059 oportet
1533 3004 1608 3048 effe
1651 3021 1874 3060 perennem
1902 3038 1913 3060 ,
1959 3020 2044 3047 non
2075 3005 2119 3048 in
2153 3004 2266 3047 brevi
2314 3005 2359 3048 δί

1324 3062 1497 3118 ancipiti
1542 3061 1662 3107 unius
1716 3064 1900 3109 hominis
1948 3062 2036 3106 vita
2065 3094 2078 3116 ‚
2123 3060 2362 3117 volucrique

2325 3130 2365 3152 ac

1328 3181 1436 3191 -ι
1445 3181 1664 3193 ——u-——u
1676 3180 2119 3197 ———-——
2232 3181 2244 3192 u
2255 3181 2367 3191 ¹——

1373 3213 1393 3252 ζ
1408 3222 1422 3245 c
1443 3210 1463 3252 >
1487 3211 1596 3247 Lib-1.
1613 3211 1686 3255 hist.
1705 3215 1833 3257 cap.84.
