2451 3470
635 46 1608 114 OPUSCULA.
2137 75 2199 120 61

74 128 124 171 ad
155 141 253 183 quos
275 121 376 176 iussu
403 120 542 178 populi
569 137 706 164 earum
734 120 1107 174 componendarum
1164 136 1248 165 iem
1293 123 1382 167 sane
1408 127 1674 188 ‘concinnam
1703 159 1715 181 ‚
1761 141 1849 175 tum
1893 148 2056 201 propter
2089 140 2196 185 sum-

78 184 246 238 potestas
271 213 283 234 ‚
315 182 358 224 ὅ(
389 178 616 222 Consulum
652 192 769 233 atque
804 178 1107 240 magistratuum
1165 194 1275 223 nam
1317 193 1549 236 aequltatem
1576 215 1589 235 ,
1636 197 1757 246 atque
1802 192 2057 257 prudentiam
2083 227 2095 250 ,
2140 214 2204 243 re-

76 239 292 283 aiie'toritas
323 236 459 280 omnis
492 236 644 279 retla'clta
677 248 788 286 erat,
824 249 864 275 in
891 235 1028 276 decem
1052 246 1107 275 ta·
1165 251 1330 291 zumque
1366 240 1520 291 pondus
1550 240 1595 283 &
1627 243 1921 299 maiestatem,
1964 254 2198 300 universam

80 297 184 339 bulis
215 293 454 350 digesserunt
482 324 494 346 ‚
540 292 689 347 partim
724 292 900 345 integras
921 322 932 343 ‚
973 289 1110 352 quales

77 365 343 408 acceperant,
378 352 526 403 partim
559 349 818 400 emendatas,
850 347 892 388 ὅ(
924 346 971 388 ad
1005 347 1113 389 urbis

77 424 212 453 mores
227 408 445 463 populique
461 405 793 450 consuetudinem
809 402 1085 446 conformatas
1101 435 1113 457 ‚

79 467 265 509 adhibito
297 466 339 508 in
371 463 585 506 confilium
614 460 872 518 Hermodoro
910 460 1116 523 Ephesio,

78 523 123 566 in
158 522 280 564 Italia
311 534 408 565 tunc
441 519 634 573 temporis
665 517 856 580 exulante
882 548 894 570 ‚
926 532 994 572 qui
1029 520 1111 559 Ro-

79 581 213 622 manis
243 577 326 629 ejus
359 577 572 632 legationis
602 575 741 617 auRor
774 573 879 637 fuit,
909 589 1111 636 quemque

80 636 308 692 plurimum
338 634 373 677 ei
410 632 577 687 negotio
608 629 870 693 contribuisse
898 646 943 673 ac
957 630 1115 694 aliquas

74 694 203 737 etiam
238 693 346 747 leges
378 692 662 733 Rornanorum
678 685 892 730 condldlsse
912 718 924 738 ‚
957 702 1113 750 accepi-

77 765 169 793 mus
200 765 222 792 a
253 748 449 790 Strabone
477 776 486 786 .
520 746 614 798 Quo
646 745 821 798 pertinet
852 758 978 805 omen
1012 743 1114 788 illud

79 804 318 854 Heraclea,
351 803 448 857 qui,
474 800 526 843 ad
558 800 862 860 Hermodorum
898 799 1116 865 scribens,

81 862 252 918 speciem
285 857 384 910 fibi,
415 856 501 910 ait,
526 856 714 900 oblatam
748 856 790 919 in
824 861 976 900 {omnis
1007 859 1114 917 orbis

76 916 254 962 universi
269 913 543 959 venerabundi
569 945 582 966 ,
612 912 841 957 &adillius
855 913 988 969 leges,
1022 915 1114 979 Per-

84 975 216 1020 sarum
257 988 368 1016 more
408 969 642 1026 compositis
675 970 722 1012 ad
754 969 938 1014 osculum
973 972 1116 1040 labiis,

75 1028 385 1087 procumbentis
411 1062 420 1072 .
453 1027 567 1077 O¹¹uoep
598 1025 724 1066 ἑὸοκᾱν
743 1056 751 1065 .
783 1031 855 1091 <zvis
884 1031 964 1067 σοῖς
990 1043 1117 1079 μομοις

72 1088 120 1127 «πὶ
149 1086 248 1137 mapa&
278 1084 396 1126 πάσης
425 1086 483 1123 ‘7575
515 1081 696 1132 εἰκεμένης
724 1079 951 1148 &Quaen-m!
978 1097 1116 1147 Quom:

72 1157 157 1187 vas,
188 1141 244 1189 Qu*
273 1141 367 1179 καῐτοὲ
397 1139 432 1186 σά
466 1137 646 1198 έθθιτπόη
677 1135 827 1184 Περσων
859 1147 1053 1176 amoveas
1081 1152 1117 1176 ‘ro

77 1196 175 1247 ς-ὸμοι
198 1226 209 1243 ,
238 1195 446 1239 ωροσκαυᾶν
474 1191 576 1252 aiu-ms
595 1219 603 1227 .
620 1245 627 1253 ι
666 1243 673 1251 .
921 1245 928 1253 ·

135 1250 215 1293 His
235 1262 370 1292 autem
395 1244 540 1289 tabulis
565 1243 725 1300 publice
741 1245 950 1309 propositis
966 1277 978 1297 ‚
1011 1245 1114 1288 faE‘ta

75 1306 298 1362 unicuique
341 1303 559 1352 objiciendi
602 1301 646 1344 &
687 1302 915 1358 corrigendi
943 1304 1112 1366 potesta⁵

78 1376 117 1407 te
135 1396 146 1417 ‚
180 1354 392 1418 posteaque
416 1358 606 1403 omnium
627 1359 817 1401 consensu
840 1358 1039 1412 probatis,
1071 1371 1115 1402 ut

77 1436 222 1475 corpus
249 1420 455 1472 integrum
490 1415 670 1458 Romani
689 1416 795 1467 Juris
814 1414 1086 1469 absolveretur
1103 1449 1114 1469 ,

76 1478 172 1520 duas
194 1474 425 1518 Decemviri
444 1472 701 1526 adjecerunt,
733 1471 915 1536 facioque
930 1473 1115 1537 Senatus-

74 1533 286 1584 consulto,
319 1530 462 1585 capitis
493 1527 706 1583 auspiciis,
739 1530 878 1572 accitis
899 1529 1116 1593 ‘Pontifici-

75 1591 147 1633 bus
177 1589 219 1632 ἃ
241 1587 477 1644 Auguribus
492 1618 503 1639 ,
535 1586 733 1628 Comitiis
753 1598 989 1629 centuriatis
1011 1586 1116 1650 leges

74 1645 249 1690 universi
295 1644 496 1688 sciverunt
526 1675 534 1685 .
586 1643 704 1694 Quod
736 1644 808 1707 Jus
841 1643 887 1706 ad
919 1659 1111 1688 omnium

77 1704 271 1746 notitiam
303 1702 346 1745 ἃ
380 1700 609 1743 utilitatem
643 1701 763 1742 aen'e‘is
797 1701 968 1743 incisum
1000 1702 1112 1744 tabu-

81 1759 131 1803 lis
162 1759 268 1810 fuit‚
300 1759 341 1801 ἃ
369 1758 411 1800 in
437 1756 525 1799 foro
549 1755 644 1807 jussu
674 1756 809 1810 populi
837 1756 1112 1820 collocatum.

76 1818 176 1860 Mos
223 1816 290 1859 hic
334 1813 639 1858 incidendarum
686 1813 821 1866 legum
855 1815 1056 1858 descendit
1088 1832 1109 1857 a

74 1871 408 1927 Corybantibus,
441 1870 511 1926 qui
543 1869 988 1926 columnisinsculpere
1007 1871 1111 1927 leges
1137 1890 1142 1909 ι

71 1930 296 1973 docuerunt
322 1960 334 1981 ‚
378 1941 419 1970 ut
453 1926 574 1970 refert
607 1926 905 1983 Theopompus
931 1959 941 1971 .
985 1930 1112 1971 Solon

73 1988 160 2038 (a)
194 1987 233 2028 in
268 1985 413 2040 ligneis
447 1984 588 2027 incidit
623 1983 772 2027 tabulis
797 2016 810 2037 ‚
859 2001 955 2041 quas
986 1987 1113 2046 &goiim

71 2043 127 2091 >tal
157 2042 296 2092 κύρβεκ
322 2041 602 2096 appellarunt:
638 2057 731 2084 cum
758 2048 852 2085 a'nte
879 2042 1110 2085 tabularum
1134 2073 1139 2094 ,

77 2098 189 2141 usum
221 2098 438 2141 ediscerent
473 2096 610 2153 populi
644 2097 752 2153 leges
773 2130 785 2150 ‚
830 2098 872 2142 &
905 2098 1108 2154 frequenti

73 2167 197 2198 cantu
228 2170 292 2197 eas
325 2155 532 2197 memoriae
561 2155 626 2206 (b)
652 2156 1108 2211 mandarent..'Quam-

70 2211 131 2253 vis
172 2223 308 2254 autem
352 2212 602 2264 Pomponius
645 2213 750 2255 XII.
794 2213 901 2255 Tab.
948 2215 1112 2256 eboreas

73 2269 183 2324 (quae
216 2268 333 2311 leffio
363 2268 416 2310 est
448 2268 674 2311 florentini
705 2268 891 2320 Codicis)
925 2269 1001 2333 sive
1022 2282 1112 2333 „ut

66 2325 231 2369 fortasse
247 2325 461 2380 legendum
478 2325 545 2377 est,
561 2327 744 2368 roboreas
759 2324 868 2368 fuisse
887 2326 1082 2389 scripserit
1097 2343 1110 2380 3

72 2394 212 2425 tamen
239 2383 275 2424 id
298 2384 344 2424 de
369 2381 416 2424 iis
442 2381 724 2436 accipiendum
750 2383 801 2425 est
817 2382 1007 2447 tabulis-‚¹
1024 2399 1110 2438 quae

73 2439 224 2495 populo
247 2438 535 2492 emendandae,
570 2452 651 2480 non
676 2439 722 2481 de
752 2438 823 2491 iis,
856 2454 944 2495 quae
968 2455 1008 2482 in
1023 2454 1107 2505 per-

75 2509 244 2550 petuum
276 2496 557 2549 observandae,
591 2495 798 2558 propositae
823 2495 1127 2561 fuerunt—3¹12&

71 2552 99 2595 fi
134 2552 195 2595 vel
230 2553 477 2596 Triboniani
510 2552 822 2613 audaciae-huius
853 2552 928 2597 loci
959 2565 1108 2598 vitium

74 2610 316 2664 assignemus
342 2640 354 2662 ,
400 2609 463 2653 vel
498 2609 773 2663 Pomponium
806 2610 988 2654 adversus
1019 2626 1106 2655 om-

72 2665 194 2709 nium
242 2679 425 2708 veterum
468 2666 751 2709 minoritatem
786 2667 1003 2722 loquutum
1035 2668 1108 2732 esse

68 2721 265 2766 faciamus
296 2753 307 2764 .
358 2723 404 2763 Id
436 2736 569 2764 autem
605 2723 673 2773 Jus
706 2740 798 2767 cum
834 2739 996 2780 propter
1030 2741 1106 2790 mi-

71 2794 160 2823 ram
193 2779 407 2823 verborum
439 2781 761 2834 proprietatem,
793 2794 912 2837 atque
935 2783 1106 2827 brevita-

70 2959 294 2971 ——n-

130 2990 195 3031 (a)
223 2991 297 3021 vide
325 2993 421 3022 Petzt.
449 2993 490 3021 ad
515 2996 580 3034 teg·
609 2972 716 3024 Arsit.
743 2993 779 3025 in
801 2994 939 3037 princip.

112 3035 191 3073 (bl
219 3036 338 3067 Aristot
375 3035 528 3075 problema.

111 3080 131 3119 ί
145 3079 191 3121 c)
213 3080 328 3114 Cicero
349 3079 385 3111 de
408 3089 492 3114 orat.

1163 295 1372 337 continere
1409 295 1646 342 {apientiam
1667 330 1679 350 ,
1712 315 1761 342 ac
1790 304 1982 348 otnnium
2018 307 2201 361 philoso-

1167 348 1338 406 phorum
1371 352 1601 397 dots‘trinam
1634 358 1837 409 gravitate
1875 359 2054 416 superare
2087 380 2201 419 puta-

1166 408 1303 449 batur.
1336 407 1414 462 [c]
1446 409 1578 461 Hujus
1608 411 1718 462 Juris
1750 413 1980 471 fragmenta
2011 423 2200 476 complu-

1163 478 1222 505 res
1234 465 1491 520 antiquitatis
1506 466 1657 522 &juris
1670 470 1809 515 civilis
1825 474 2089 521 studiofiffimi
2107 480 2205 523 dili-

1161 534 1306 572 genter
1338 523 1611 577 vestigarunt,
1642 542 1716 580 ac,
1747 543 1769 571 e
1801 531 1922 574 variis
1945 532 2201 590 scriptoribus

1161 589 1273 619 eruta
1288 607 1300 629 ,
1333 578 1374 620 in
1391 579 1605 636 antiquum
1618 583 1806 629 ordinem
1821 616 1834 640 ‚
1866 602 1986 644 prout
2001 590 2208 643 conjeeiu-

1164 647 1204 674 ra
1231 632 1352 677 ferret
1377 666 1390 686 ,
1433 637 1663 682 tribuerunt
1688 656 1697 682 :
1735 643 1928 689 omnium
1961 660 2098 692 autem
2112 650 2205 694 dili-

1163 690 1438 744 gentissimam
1454 693 1515 735 his
1530 694 1766 751 colligendis
1780 731 1792 752 ,
1811 701 2068 757 disponendis
2083 723 2128 750 ac
2144 709 2210 750 in-

1165 748 1428 800 terpretandis
1461 765 1629 804 operam
1656 758 1825 800 navavit
1850 759 2022 809 Jacobus
2045 765 2212 808 Gotho-

1164 801 1321 857 fredus,
1352 806 1463 857 cujus
1487 808 1674 853 ordinem
1699 824 1817 869 atque
1841 815 2036 866 judicium
2063 823 2207 876 nobis,

1162 859 1259 902 dum
1288 860 1333 903 in
1350 861 1412 905 his
1427 862 1696 920 versabimur,
1730 873 1877 915 merito
1894 876 2176 929 proposuimus
2191 912 2202 922 .

1223 916 1359 961 Prima
1383 920 1545 964 Tabula
1570 924 1771 971 rationem
1803 927 2036 976 instituendi
2067 934 2204 986 judicii

1164 974 1345 1018 tradebat
1368 1007 1381 1029 ,
1412 976 1522 1028 cujus
1552 980 1736 1037 primum
1768 1000 1888 1041 caput
1921 987 2010 1040 [Si
2038 994 2130 1045 quis
2159 995 2204 1036 in

1160 1031 1226 1081 ius
1255 1046 1369 1074 vocat
1389 1066 1400 1084 ,
1445 1047 1564 1090 atque
1593 1041 1712 1093 eat,]
1747 1043 1872 1087 veluti
1907 1045 2084 1092 solemne
2117 1066 2206 1093 car-

1164 1102 1260 1130 men
1293 1090 1354 1132 vel
1387 1093 1522 1146 pueris
1555 1093 1596 1135 in
1628 1111 1697 1139 ore
1735 1097 1879 1153 fuisse3
1914 1101 2050 1148 scribit
2080 1107 2206 1150 Cice-

1164 1161 1239 1198 ro,
1272 1147 1338 1198 (d)
1368 1163 1414 1190 ac
1448 1149 1490 1190 in
1523 1149 1583 1200 jus
1616 1167 1809 1198 vocatum
1842 1157 2056 1204 confestim
2094 1162 2200 1219 sequi

1161 1200 1324 1252 jubebat
1354 1235 1363 1245 .
1397 1206 1495 1247 Haee
1527 1207 1664 1262 ampla
1695 1210 1881 1255 definitio
1916 1215 2099 1269 pluribus
2129 1236 2205 1264 ex-

1162 1260 1418 1313 ceptionibus
1463 1278 1483 1304 a
1530 1264 1698 1309 Praetore
1742 1268 2048 1328 circumscripta
2099 1276 2200 1320 fuit.

1164 1317 1227 1358 Ex
1264 1316 1432 1371 multis,
1465 1333 1563 1373 quas
1594 1321 1694 1366 huic
1713 1324 1836 1380 capiti
1853 1330 2028 1376 attexuit
2046 1332 2171 1384 Caius
2190 1366 2202 1385 ‚

1162 1372 1246 1414 duae
1278 1373 1333 1425 [e]
1369 1373 1572 1429 supersunt
1602 1395 1610 1419 τ
1647 1380 1798 1434 altera,
1834 1384 1900 1426 Ne
1933 1387 2020 1441 quis
2051 1388 2098 1431 de
2131 1391 2207 1433 do·

1163 1445 1232 1471 mo
1267 1433 1358 1472 lua:
1391 1433 1542 1486 altera,
1577 1436 1645 1478 Ne
1670 1436 1852 1491 impubes
1871 1439 1934 1493 (f)
1953 1443 2087 1498 puella
2109 1446 2207 1489 alie-

1164 1501 1218 1527 no
1243 1484 1319 1537 juri
1357 1487 1525 1540 subjecia
1559 1491 1599 1534 in
1633 1492 1692 1543 jus
1731 1508 1927 1540 vocetur.
1973 1501 2082 1544 Cum
2117 1505 2205 1558 quis

1161 1555 1300 1587 autem
1348 1544 1391 1587 in
1437 1545 1497 1597 jus
1540 1564 1707 1593 vocatus
1755 1552 1861 1609 sequi
1896 1555 2025 1602 nollet
2051 1590 2062 1612 ‚
2113 1574 2204 1604 tum

1162 1599 1353 1645 auoreos
1378 1631 1391 1654 ‚
1422 1603 1491 1658 qui
1520 1605 1713 1661 aderant,
1744 1612 1857 1653 testes
1871 1615 2062 1658 vocabat:
2098 1618 2203 1672 quod

1161 1657 1348 1712 antestari
1377 1658 1612 1716 dicebatur,
1643 1663 1722 1708 five
1753 1680 1845 1710 ante
1875 1669 2034 1725 testari3
2068 1674 2200 1720 velex

1160 1730 1250 1768 am,
1283 1716 1388 1771 quod
1420 1718 1562 1761 circum
1596 1721 1720 1775 prisce
1743 1723 1967 1782 fignificat,
1999 1745 2065 1772 eos
2087 1733 2204 1775 testa-

1163 1772 1194 1813 ri
1223 1803 1235 1823 ,
1281 1773 1349 1829 qui
1396 1772 1553 1831 circum
1589 1778 1676 1820 sunt
1699 1811 1711 1832 ,
1758 1783 1949 1835 prehensa
1981 1788 2160 1831 auricula
2189 1821 2203 1842 ‚

1159 1827 1391 1886 adjffloque
1423 1831 1500 1875 hoc
1535 1837 1681 1888 verbo,
1714 1853 1922 1882 memmio:
1959 1843 1999 1886 8<
2034 1845 2058 1886 si
2086 1845 2200 1901 fuge·

1161 1899 1220 1928 ret
1251 1901 1365 1938 rem,
1401 1888 1463 1933 vel
1489 1890 1768 1948 obniteretur,
1802 1908 1889 1940 tum
1918 1899 2026 1942 atstor
2053 1902 2199 1952 injee’ta

1135 1937 1288 2019 {manu
1334 1958 1429 1988 eum
1474 1947 1517 1989 in
1548 1946 1607 1999 jus
1638 1950 1801 1993 obtorto
1834 1955 1943 1998 collo
1978 1959 2157 2012 rapiebat
2184 1991 2198 2013 ,

1158 2014 1282 2054 eaque
1331 2017 1471 2045 manus
1512 2005 1667 2057 injeffio
1698 2007 1905 2054 dicebatur
1931 2044 1940 2054 .
1992 2016 2073 2070 Qui
2110 2031 2198 2059 mos

1102 2099 1106 2104 ,
1158 2057 1293 2099 omnis
1307 2073 1356 2101 ex
1374 2060 1686 2106 Atheniensium
1703 2064 1785 2114 iure
1800 2068 1998 2112 descendit
2015 2103 2025 2112 .
2050 2075 2200 2116 Exem.

1160 2114 1272 2167 plum
1294 2116 1407 2158 enim
1429 2118 1552 2163 exstat
1572 2122 1676 2172 apud
1697 2121 2011 2180 Aristophanem
2036 2129 2076 2171 in
2099 2130 2201 2173 Ves-

1160 2171 1218 2225 pis
1250 2171 1295 2214 de
1328 2175 1625 2229 antestatione,
1658 2177 1702 2220 ὃς
1733 2179 1779 2223 de
1811 2196 1955 2225 manus
1982 2184 2201 2235 injeffiione

1159 2230 1202 2270 in
1247 2230 1451 2273 comoedia
1497 2232 1662 2287 palliata
1708 2236 1950 2291 Apollodori
1984 2258 2006 2283 a
2039 2244 2201 2288 Teren·-

1159 2285 1220 2328 tio
1252 2287 1468 2341 conversa,
1499 2305 1587 2345 quae
1621 2291 2078 2342 inscribitur-Phormio
2098 2333 2108 2342 .

1275 2344 1370 2385 DE.
1403 2345 1450 2386 In
1480 2347 1547 2398 jus
1576 2364 1734 2391 eamus.
1769 2351 1857 2396 PH.
1889 2355 1937 2396 In
1965 2356 2068 2408 jus?
2098 2357 2198 2413 huc,

1325 2398 1362 2451 si
1392 2402 1493 2455 quid
1522 2405 1652 2448 lubet.

1274 2457 1367 2499 DE.
1400 2456 1652 2516 Adsequere,
1683 2481 1730 2508 ac
1752 2467 1871 2509 retine
1886 2500 1898 2522 ,
1929 2469 2024 2512 dum
2043 2485 2108 2527 ego
2126 2471 2197 2514 huc

1322 2513 1461 2566 servos
1494 2533 1608 2560 evoco
1627 2551 1635 2561 .

1268 2570 1370 2613 CH.
1403 2572 1562 2616 Etenim
1587 2575 1698 2628 solus
1729 2596 1870 2636 nequeo

1335 2628 1421 2671 PH.
1457 2630 1543 2674 Una
1573 2633 1722 2685 iniuria
1753 2637 1803 2692 est
2006 2684 2008 2687 ,

1270 2685 1452 2728 Tecum.
1504 2690 1601 2732 CH.
1635 2693 1734 2749 Lege
1763 2697 1848 2752 agit
1870 2728 1880 2739 .
1934 2696 2024 2742 PH.
2053 2700 2197 2743 Altera

1333 2741 1384 2795 est
1415 2755 1539 2786 tecum
1569 2748 1734 2792 Chreme
1755 2783 1764 2793 .

1277 2798 1372 2842 DE.
1403 2801 1521 2857 Rupe
1552 2806 1663 2847 hunc.

1895 2598 1911 2622 .·
1944 2600 2095 2627 accurre
2124 2585 2201 2628 huc

1165 2978 1715 2998 -——-.——-.--—---—-—-—.

1841 2990 1976 3002 ...ιο-
1980 2993 2198 3006 -n———n-

1201 3009 1219 3046 ς
1239 3009 1260 3039 a
1277 3008 1296 3046 )
1321 3010 1375 3040 tib,
1408 3022 1433 3041 2.
1462 3015 1499 3044 ae
1525 3016 1672 3058 legibux.
1701 3020 1811 3056 cujac.
1831 3009 1895 3053 ish.
1922 3035 1953 3065 7.
1980 3031 2046 3066 cap.
2079 3026 2126 3055 ιε.

1201 3052 1278 3091 (e)
1305 3054 1370 3095 Leg
1412 3058 1459 3086 18-
1484 3056 1525 3100 ff.
1557 3062 1594 3092 de
1618 3064 1652 3093 in
1673 3062 1726 3100 jus
1751 3067 1880 3097 vocand.

1205 3096 1287 3137 (f)
1312 3100 1391 3143 Leg-
1420 3110 1472 3131 22·
1497 3101 1602 3146 fflide
1627 3107 1663 3139 in
1684 3106 1742 3145 jus
1766 3111 1899 3148 vocand-
