<?xml version="1.0" encoding="UTF-8"?>
<!DOCTYPE html PUBLIC "-//W3C//DTD XHTML 1.0 Transitional//EN"
    "http://www.w3.org/TR/xhtml1/DTD/xhtml1-transitional.dtd">
<html xmlns="http://www.w3.org/1999/xhtml" xml:lang="en" lang="en">
 <head>
  <title>
</title>
<meta http-equiv="Content-Type" content="text/html;charset=utf-8" />
  <meta name='ocr-system' content='tesseract 3.04.00' />
  <meta name='ocr-capabilities' content='ocr_page ocr_carea ocr_par ocr_line ocrx_word'/>
</head>
<body>
  <div class='ocr_page' id='page_1' title='image "./janivincentiigra02gravuoft_0194.png"; bbox 0 0 2451 3470; ppageno 0'>
   <div class='ocr_carea' id='block_1_1' title="bbox 197 108 297 163">
    <p class='ocr_par' dir='ltr' id='par_1_1' title="bbox 197 108 297 163">
     <span class='ocr_line' id='line_1_1' title="bbox 197 108 297 163; baseline -0.02 0"><span class='ocrx_word' id='word_1_1' title='bbox 197 108 297 163; x_wconf 53' lang='lat'>588</span> 
     </span>
    </p>
   </div>
   <div class='ocr_carea' id='block_1_2' title="bbox 786 108 1839 166">
    <p class='ocr_par' dir='ltr' id='par_1_2' title="bbox 786 108 1839 166">
     <span class='ocr_line' id='line_1_2' title="bbox 786 108 1839 166; baseline 0.006 -5"><span class='ocrx_word' id='word_1_2' title='bbox 786 108 1839 166; x_wconf 78' lang='lat' dir='ltr'>V.GRAV·1NAE</span> 
     </span>
    </p>
   </div>
   <div class='ocr_carea' id='block_1_3' title="bbox 191 182 2304 246">
    <p class='ocr_par' dir='ltr' id='par_1_3' title="bbox 191 182 2304 246">
     <span class='ocr_line' id='line_1_3' title="bbox 191 182 2304 246; baseline 0.005 -20"><span class='ocrx_word' id='word_1_3' title='bbox 191 183 478 239; x_wconf 75' lang='lat' dir='ltr'><strong>Quamobrem</strong></span> <span class='ocrx_word' id='word_1_4' title='bbox 514 197 759 228; x_wconf 84' lang='lat' dir='ltr'>recentiores</span> <span class='ocrx_word' id='word_1_5' title='bbox 787 214 799 236; x_wconf 88' lang='lat'>‚</span> <span class='ocrx_word' id='word_1_6' title='bbox 830 184 925 226; x_wconf 85' lang='lat' dir='ltr'>dum</span> <span class='ocrx_word' id='word_1_7' title='bbox 957 185 1119 226; x_wconf 73' lang='lat' dir='ltr'>Graecas</span> <span class='ocrx_word' id='word_1_8' title='bbox 1151 188 1227 228; x_wconf 86' lang='lat' dir='ltr'>La·</span> <span class='ocrx_word' id='word_1_9' title='bbox 1281 182 1388 230; x_wconf 87' lang='lat' dir='ltr'>brios</span> <span class='ocrx_word' id='word_1_10' title='bbox 1418 182 1519 228; x_wconf 88' lang='lat' dir='ltr'>alios</span> <span class='ocrx_word' id='word_1_11' title='bbox 1551 185 1717 239; x_wconf 85' lang='lat' dir='ltr'>Lyricos</span> <span class='ocrx_word' id='word_1_12' title='bbox 1749 184 2008 233; x_wconf 82' lang='lat' dir='ltr'>habuerimus</span> <span class='ocrx_word' id='word_1_13' title='bbox 2039 190 2200 246; x_wconf 86' lang='lat' dir='ltr'>nullos,</span> <span class='ocrx_word' id='word_1_14' title='bbox 2232 207 2304 238; x_wconf 87' lang='lat' dir='ltr'>ne-</span> 
     </span>
    </p>
   </div>
   <div class='ocr_carea' id='block_1_4' title="bbox 183 240 1233 3150">
    <p class='ocr_par' dir='ltr' id='par_1_4' title="bbox 183 240 1233 3150">
     <span class='ocr_line' id='line_1_4' title="bbox 190 240 1227 297; baseline 0.004 -15"><span class='ocrx_word' id='word_1_15' title='bbox 190 242 373 297; x_wconf 87' lang='lat' dir='ltr'>tinasque</span> <span class='ocrx_word' id='word_1_16' title='bbox 407 240 578 284; x_wconf 87' lang='lat' dir='ltr'>virtutes</span> <span class='ocrx_word' id='word_1_17' title='bbox 612 242 736 284; x_wconf 90' lang='lat' dir='ltr'>nullis</span> <span class='ocrx_word' id='word_1_18' title='bbox 769 240 925 284; x_wconf 83' lang='lat' dir='ltr'>idoneis</span> <span class='ocrx_word' id='word_1_19' title='bbox 946 240 1227 286; x_wconf 83' lang='lat' dir='ltr'>instrumentis</span> 
     </span>
     <span class='ocr_line' id='line_1_5' title="bbox 191 297 1227 353; baseline 0.001 -11"><span class='ocrx_word' id='word_1_20' title='bbox 191 299 240 342; x_wconf 87' lang='lat' dir='ltr'>ad</span> <span class='ocrx_word' id='word_1_21' title='bbox 283 299 549 342; x_wconf 88' lang='lat' dir='ltr'>vernaculum</span> <span class='ocrx_word' id='word_1_22' title='bbox 602 300 828 342; x_wconf 84' lang='lat' dir='ltr'>sermonem</span> <span class='ocrx_word' id='word_1_23' title='bbox 884 297 1093 340; x_wconf 76' lang='lat' dir='ltr'>traherent</span> <span class='ocrx_word' id='word_1_24' title='bbox 1117 332 1129 353; x_wconf 89' lang='lat'>,</span> <span class='ocrx_word' id='word_1_25' title='bbox 1185 300 1227 343; x_wconf 84' lang='lat'>&amp;</span> 
     </span>
     <span class='ocr_line' id='line_1_6' title="bbox 190 354 1224 410; baseline 0 -11"><span class='ocrx_word' id='word_1_26' title='bbox 190 369 375 400; x_wconf 81' lang='lat' dir='ltr'>carerent</span> <span class='ocrx_word' id='word_1_27' title='bbox 408 369 492 399; x_wconf 90' lang='lat' dir='ltr'>arte</span> <span class='ocrx_word' id='word_1_28' title='bbox 538 354 610 398; x_wconf 91' lang='lat' dir='ltr'>illa</span> <span class='ocrx_word' id='word_1_29' title='bbox 656 368 836 398; x_wconf 83' lang='lat' dir='ltr'>veterum</span> <span class='ocrx_word' id='word_1_30' title='bbox 862 386 874 406; x_wconf 93' lang='lat'>,</span> <span class='ocrx_word' id='word_1_31' title='bbox 925 371 1004 410; x_wconf 92' lang='lat' dir='ltr'>qua</span> <span class='ocrx_word' id='word_1_32' title='bbox 1038 355 1224 400; x_wconf 89' lang='lat' dir='ltr'>seientia-</span> 
     </span>
     <span class='ocr_line' id='line_1_7' title="bbox 187 411 1222 468; baseline 0.002 -12"><span class='ocrx_word' id='word_1_33' title='bbox 187 429 280 457; x_wconf 82' lang='lat' dir='ltr'>rum</span> <span class='ocrx_word' id='word_1_34' title='bbox 327 412 560 456; x_wconf 83' lang='lat' dir='ltr'>abstrusiora</span> <span class='ocrx_word' id='word_1_35' title='bbox 605 411 775 454; x_wconf 80' lang='lat' dir='ltr'>senfibus</span> <span class='ocrx_word' id='word_1_36' title='bbox 817 412 1091 455; x_wconf 87' lang='lat' dir='ltr'>admoventur</span> <span class='ocrx_word' id='word_1_37' title='bbox 1117 446 1129 468; x_wconf 87' lang='lat'>‚</span> <span class='ocrx_word' id='word_1_38' title='bbox 1179 415 1222 458; x_wconf 86' lang='lat'>&amp;</span> 
     </span>
     <span class='ocr_line' id='line_1_8' title="bbox 186 468 1227 526; baseline 0 -12"><span class='ocrx_word' id='word_1_39' title='bbox 186 471 368 526; x_wconf 87' lang='lat' dir='ltr'>corporis</span> <span class='ocrx_word' id='word_1_40' title='bbox 399 469 582 523; x_wconf 84' lang='lat' dir='ltr'>expertia</span> <span class='ocrx_word' id='word_1_41' title='bbox 614 468 746 511; x_wconf 92' lang='lat' dir='ltr'>oculis</span> <span class='ocrx_word' id='word_1_42' title='bbox 780 468 1052 519; x_wconf 84' lang='lat' dir='ltr'>subjiciuntur</span> <span class='ocrx_word' id='word_1_43' title='bbox 1072 502 1084 523; x_wconf 89' lang='lat'>‚</span> <span class='ocrx_word' id='word_1_44' title='bbox 1122 486 1227 514; x_wconf 88' lang='lat' dir='ltr'>nova</span> 
     </span>
     <span class='ocr_line' id='line_1_9' title="bbox 183 525 1223 584; baseline 0 -12"><span class='ocrx_word' id='word_1_45' title='bbox 183 529 365 572; x_wconf 83' lang='lat' dir='ltr'>monstra</span> <span class='ocrx_word' id='word_1_46' title='bbox 399 527 635 569; x_wconf 79' lang='lat' dir='ltr'>suscitarunt</span> <span class='ocrx_word' id='word_1_47' title='bbox 663 540 675 576; x_wconf 82' lang='lat'>3</span> <span class='ocrx_word' id='word_1_48' title='bbox 706 540 752 568; x_wconf 91' lang='lat' dir='ltr'>ac</span> <span class='ocrx_word' id='word_1_49' title='bbox 782 525 881 568; x_wconf 90' lang='lat' dir='ltr'>dum</span> <span class='ocrx_word' id='word_1_50' title='bbox 915 541 1046 568; x_wconf 82' lang='lat' dir='ltr'>novas</span> <span class='ocrx_word' id='word_1_51' title='bbox 1080 527 1223 584; x_wconf 50' lang='lat' dir='ltr'>loquu*</span> 
     </span>
     <span class='ocr_line' id='line_1_10' title="bbox 185 583 1226 639; baseline 0 -10"><span class='ocrx_word' id='word_1_52' title='bbox 185 586 316 629; x_wconf 86' lang='lat' dir='ltr'>tiones</span> <span class='ocrx_word' id='word_1_53' title='bbox 348 583 576 626; x_wconf 86' lang='lat' dir='ltr'>moliuntur</span> <span class='ocrx_word' id='word_1_54' title='bbox 603 613 615 634; x_wconf 88' lang='lat'>‚</span> <span class='ocrx_word' id='word_1_55' title='bbox 669 597 825 624; x_wconf 87' lang='lat' dir='ltr'>novum</span> <span class='ocrx_word' id='word_1_56' title='bbox 871 583 1063 628; x_wconf 72' lang='lat' dir='ltr'>barbaniae</span> <span class='ocrx_word' id='word_1_57' title='bbox 1099 601 1226 639; x_wconf 78' lang='lat' dir='ltr'>genus</span> 
     </span>
     <span class='ocr_line' id='line_1_11' title="bbox 184 638 1224 695; baseline -0.001 -9"><span class='ocrx_word' id='word_1_58' title='bbox 184 643 460 686; x_wconf 83' lang='lat' dir='ltr'>advexerunt:</span> <span class='ocrx_word' id='word_1_59' title='bbox 495 655 588 681; x_wconf 89' lang='lat' dir='ltr'>curn</span> <span class='ocrx_word' id='word_1_60' title='bbox 621 638 843 683; x_wconf 74' lang='lat' dir='ltr'>debuissent</span> <span class='ocrx_word' id='word_1_61' title='bbox 874 640 1129 684; x_wconf 88' lang='lat' dir='ltr'>aPetrarcha</span> <span class='ocrx_word' id='word_1_62' title='bbox 1150 675 1161 695; x_wconf 93' lang='lat'>,</span> <span class='ocrx_word' id='word_1_63' title='bbox 1181 642 1224 685; x_wconf 79' lang='lat'>8&lt;</span> 
     </span>
     <span class='ocr_line' id='line_1_12' title="bbox 185 695 1225 755; baseline -0.001 -12"><span class='ocrx_word' id='word_1_64' title='bbox 185 697 459 743; x_wconf 82' lang='lat' dir='ltr'>imitatoribus</span> <span class='ocrx_word' id='word_1_65' title='bbox 491 695 573 746; x_wconf 82' lang='lat' dir='ltr'>ejus</span> <span class='ocrx_word' id='word_1_66' title='bbox 606 696 780 749; x_wconf 81' lang='lat' dir='ltr'>arripere</span> <span class='ocrx_word' id='word_1_67' title='bbox 827 696 1051 740; x_wconf 69' lang='lat' dir='ltr'>diffionem</span> <span class='ocrx_word' id='word_1_68' title='bbox 1085 731 1096 752; x_wconf 85' lang='lat'>‚</span> <span class='ocrx_word' id='word_1_69' title='bbox 1148 715 1225 755; x_wconf 87' lang='lat' dir='ltr'>qua</span> 
     </span>
     <span class='ocr_line' id='line_1_13' title="bbox 188 752 1225 810; baseline -0.001 -9"><span class='ocrx_word' id='word_1_70' title='bbox 188 755 306 801; x_wconf 86' lang='lat' dir='ltr'>nulla</span> <span class='ocrx_word' id='word_1_71' title='bbox 339 754 500 809; x_wconf 89' lang='lat' dir='ltr'>purior,</span> <span class='ocrx_word' id='word_1_72' title='bbox 535 752 648 795; x_wconf 89' lang='lat' dir='ltr'>nulla</span> <span class='ocrx_word' id='word_1_73' title='bbox 679 753 891 805; x_wconf 77' lang='lat' dir='ltr'>floridi0r3</span> <span class='ocrx_word' id='word_1_74' title='bbox 925 754 967 797; x_wconf 88' lang='lat'>&amp;</span> <span class='ocrx_word' id='word_1_75' title='bbox 990 755 1147 810; x_wconf 85' lang='lat' dir='ltr'>sensus,</span> <span class='ocrx_word' id='word_1_76' title='bbox 1179 772 1225 800; x_wconf 89' lang='lat' dir='ltr'>ac</span> 
     </span>
     <span class='ocr_line' id='line_1_14' title="bbox 190 810 1228 868; baseline 0.001 -12"><span class='ocrx_word' id='word_1_77' title='bbox 190 829 357 868; x_wconf 83' lang='lat' dir='ltr'>tropos,</span> <span class='ocrx_word' id='word_1_78' title='bbox 390 810 622 865; x_wconf 88' lang='lat' dir='ltr'>coloresque</span> <span class='ocrx_word' id='word_1_79' title='bbox 657 810 853 855; x_wconf 86' lang='lat' dir='ltr'>mirificos</span> <span class='ocrx_word' id='word_1_80' title='bbox 872 813 1146 867; x_wconf 79' lang='lat' dir='ltr'>Graecorum,</span> <span class='ocrx_word' id='word_1_81' title='bbox 1181 829 1228 857; x_wconf 88' lang='lat' dir='ltr'>ac</span> 
     </span>
     <span class='ocr_line' id='line_1_15' title="bbox 191 867 1224 922; baseline -0.001 -8"><span class='ocrx_word' id='word_1_82' title='bbox 191 870 437 914; x_wconf 86' lang='lat' dir='ltr'>Latinorum</span> <span class='ocrx_word' id='word_1_83' title='bbox 463 898 475 920; x_wconf 87' lang='lat'>,</span> <span class='ocrx_word' id='word_1_84' title='bbox 520 868 568 909; x_wconf 85' lang='lat' dir='ltr'>ad</span> <span class='ocrx_word' id='word_1_85' title='bbox 600 867 789 922; x_wconf 85' lang='lat' dir='ltr'>linguam</span> <span class='ocrx_word' id='word_1_86' title='bbox 826 868 1043 913; x_wconf 83' lang='lat' dir='ltr'>transferre</span> <span class='ocrx_word' id='word_1_87' title='bbox 1079 886 1224 913; x_wconf 88' lang='lat' dir='ltr'>verna—</span> 
     </span>
     <span class='ocr_line' id='line_1_16' title="bbox 190 926 1228 979; baseline 0 -9"><span class='ocrx_word' id='word_1_88' title='bbox 190 927 326 971; x_wconf 81' lang='lat' dir='ltr'><strong>culam</strong></span> <span class='ocrx_word' id='word_1_89' title='bbox 354 942 361 966; x_wconf 93' lang='lat'><strong>:</strong></span> <span class='ocrx_word' id='word_1_90' title='bbox 409 939 534 979; x_wconf 87' lang='lat' dir='ltr'>eaque</span> <span class='ocrx_word' id='word_1_91' title='bbox 565 937 651 967; x_wconf 90' lang='lat' dir='ltr'>arte</span> <span class='ocrx_word' id='word_1_92' title='bbox 685 940 841 968; x_wconf 88' lang='lat' dir='ltr'>novum</span> <span class='ocrx_word' id='word_1_93' title='bbox 876 926 1030 978; x_wconf 85' lang='lat' dir='ltr'>Lyricae</span> <span class='ocrx_word' id='word_1_94' title='bbox 1065 927 1228 970; x_wconf 86' lang='lat' dir='ltr'>Poeseos</span> 
     </span>
     <span class='ocr_line' id='line_1_17' title="bbox 189 981 1228 1039; baseline 0.001 -13"><span class='ocrx_word' id='word_1_95' title='bbox 189 999 318 1039; x_wconf 79' lang='lat' dir='ltr'>genus</span> <span class='ocrx_word' id='word_1_96' title='bbox 352 982 503 1024; x_wconf 87' lang='lat' dir='ltr'>tradere</span> <span class='ocrx_word' id='word_1_97' title='bbox 537 981 652 1024; x_wconf 90' lang='lat' dir='ltr'>Italis</span> <span class='ocrx_word' id='word_1_98' title='bbox 673 1012 684 1031; x_wconf 88' lang='lat'>‚</span> <span class='ocrx_word' id='word_1_99' title='bbox 720 997 803 1024; x_wconf 90' lang='lat' dir='ltr'>non</span> <span class='ocrx_word' id='word_1_100' title='bbox 838 981 968 1026; x_wconf 90' lang='lat' dir='ltr'>alium</span> <span class='ocrx_word' id='word_1_101' title='bbox 1001 984 1228 1039; x_wconf 84' lang='lat' dir='ltr'>agnoscen-</span> 
     </span>
     <span class='ocr_line' id='line_1_18' title="bbox 191 1038 1227 1094; baseline -0.001 -10"><span class='ocrx_word' id='word_1_102' title='bbox 191 1042 300 1085; x_wconf 86' lang='lat' dir='ltr'>tibus</span> <span class='ocrx_word' id='word_1_103' title='bbox 333 1038 573 1093; x_wconf 83' lang='lat' dir='ltr'>Lyricorum</span> <span class='ocrx_word' id='word_1_104' title='bbox 612 1038 872 1094; x_wconf 81' lang='lat' dir='ltr'>Principem,</span> <span class='ocrx_word' id='word_1_105' title='bbox 909 1053 1050 1093; x_wconf 78' lang='lat' dir='ltr'>praeter</span> <span class='ocrx_word' id='word_1_106' title='bbox 1067 1043 1227 1084; x_wconf 86' lang='lat' dir='ltr'>Petrar-</span> 
     </span>
     <span class='ocr_line' id='line_1_19' title="bbox 192 1095 1229 1154; baseline 0.002 -14"><span class='ocrx_word' id='word_1_107' title='bbox 192 1098 312 1143; x_wconf 87' lang='lat' dir='ltr'>cham</span> <span class='ocrx_word' id='word_1_108' title='bbox 344 1113 356 1149; x_wconf 66' lang='grc' dir='ltr'><strong>ς</strong></span> <span class='ocrx_word' id='word_1_109' title='bbox 389 1096 455 1151; x_wconf 89' lang='lat' dir='ltr'>qui</span> <span class='ocrx_word' id='word_1_110' title='bbox 491 1095 644 1138; x_wconf 83' lang='lat' dir='ltr'>Poefim</span> <span class='ocrx_word' id='word_1_111' title='bbox 680 1096 789 1140; x_wconf 87' lang='lat' dir='ltr'>suam</span> <span class='ocrx_word' id='word_1_112' title='bbox 813 1129 825 1148; x_wconf 88' lang='lat'>,</span> <span class='ocrx_word' id='word_1_113' title='bbox 860 1096 1070 1140; x_wconf 87' lang='lat' dir='ltr'>Platonica</span> <span class='ocrx_word' id='word_1_114' title='bbox 1095 1131 1107 1152; x_wconf 83' lang='lat'>,</span> <span class='ocrx_word' id='word_1_115' title='bbox 1140 1114 1229 1154; x_wconf 85' lang='lat' dir='ltr'>quae</span> 
     </span>
     <span class='ocr_line' id='line_1_20' title="bbox 195 1152 1225 1208; baseline 0 -10"><span class='ocrx_word' id='word_1_116' title='bbox 195 1169 286 1198; x_wconf 90' lang='lat' dir='ltr'>turn</span> <span class='ocrx_word' id='word_1_117' title='bbox 320 1153 418 1196; x_wconf 82' lang='lat' dir='ltr'>falso</span> <span class='ocrx_word' id='word_1_118' title='bbox 452 1153 680 1207; x_wconf 82' lang='lat' dir='ltr'>serebatur,</span> <span class='ocrx_word' id='word_1_119' title='bbox 714 1152 975 1208; x_wconf 72' lang='lat' dir='ltr'>Philosophia</span> <span class='ocrx_word' id='word_1_120' title='bbox 1008 1153 1064 1198; x_wconf 89' lang='lat' dir='ltr'>ita</span> <span class='ocrx_word' id='word_1_121' title='bbox 1095 1156 1225 1199; x_wconf 88' lang='lat' dir='ltr'>obnu-</span> 
     </span>
     <span class='ocr_line' id='line_1_21' title="bbox 196 1210 1228 1268; baseline -0.001 -13"><span class='ocrx_word' id='word_1_122' title='bbox 196 1212 370 1264; x_wconf 85' lang='lat' dir='ltr'>bilavit,</span> <span class='ocrx_word' id='word_1_123' title='bbox 402 1210 582 1265; x_wconf 76' lang='lat' dir='ltr'>adeoque</span> <span class='ocrx_word' id='word_1_124' title='bbox 615 1211 769 1266; x_wconf 88' lang='lat' dir='ltr'>ignotis</span> <span class='ocrx_word' id='word_1_125' title='bbox 799 1211 992 1268; x_wconf 88' lang='lat' dir='ltr'>implevit</span> <span class='ocrx_word' id='word_1_126' title='bbox 1027 1212 1228 1266; x_wconf 76' lang='lat' dir='ltr'>sensibus,</span> 
     </span>
     <span class='ocr_line' id='line_1_22' title="bbox 194 1267 1230 1321; baseline -0.001 -9"><span class='ocrx_word' id='word_1_127' title='bbox 194 1283 241 1313; x_wconf 85' lang='lat' dir='ltr'>ut</span> <span class='ocrx_word' id='word_1_128' title='bbox 274 1284 358 1311; x_wconf 90' lang='lat' dir='ltr'>non</span> <span class='ocrx_word' id='word_1_129' title='bbox 391 1284 411 1311; x_wconf 91' lang='lat' dir='ltr'>e</span> <span class='ocrx_word' id='word_1_130' title='bbox 444 1268 553 1310; x_wconf 91' lang='lat' dir='ltr'>circo</span> <span class='ocrx_word' id='word_1_131' title='bbox 578 1299 589 1320; x_wconf 91' lang='lat'>‚</span> <span class='ocrx_word' id='word_1_132' title='bbox 636 1267 699 1311; x_wconf 88' lang='lat' dir='ltr'>vel</span> <span class='ocrx_word' id='word_1_133' title='bbox 733 1284 754 1311; x_wconf 91' lang='lat' dir='ltr'>e</span> <span class='ocrx_word' id='word_1_134' title='bbox 787 1269 908 1321; x_wconf 86' lang='lat' dir='ltr'>foro,</span> <span class='ocrx_word' id='word_1_135' title='bbox 945 1269 1005 1311; x_wconf 90' lang='lat' dir='ltr'>sed</span> <span class='ocrx_word' id='word_1_136' title='bbox 1034 1285 1057 1312; x_wconf 89' lang='lat' dir='ltr'>e</span> <span class='ocrx_word' id='word_1_137' title='bbox 1085 1269 1230 1312; x_wconf 80' lang='lat' dir='ltr'>scholis</span> 
     </span>
     <span class='ocr_line' id='line_1_23' title="bbox 191 1325 1226 1381; baseline -0.001 -11"><span class='ocrx_word' id='word_1_138' title='bbox 191 1341 366 1370; x_wconf 79' lang='lat' dir='ltr'>evocare</span> <span class='ocrx_word' id='word_1_139' title='bbox 398 1337 568 1379; x_wconf 84' lang='lat' dir='ltr'>cogatur</span> <span class='ocrx_word' id='word_1_140' title='bbox 593 1325 814 1368; x_wconf 83' lang='lat' dir='ltr'>auditores.</span> <span class='ocrx_word' id='word_1_141' title='bbox 849 1326 1130 1380; x_wconf 86' lang='lat' dir='ltr'>Quamobrem</span> <span class='ocrx_word' id='word_1_142' title='bbox 1158 1343 1226 1381; x_wconf 88' lang='lat' dir='ltr'>po-</span> 
     </span>
     <span class='ocr_line' id='line_1_24' title="bbox 193 1382 1228 1439; baseline 0 -13"><span class='ocrx_word' id='word_1_143' title='bbox 193 1383 353 1439; x_wconf 87' lang='lat' dir='ltr'>pulares</span> <span class='ocrx_word' id='word_1_144' title='bbox 386 1386 409 1436; x_wconf 87' lang='lat'>,¹</span> <span class='ocrx_word' id='word_1_145' title='bbox 442 1396 614 1437; x_wconf 87' lang='lat' dir='ltr'>quarum</span> <span class='ocrx_word' id='word_1_146' title='bbox 665 1383 778 1426; x_wconf 90' lang='lat' dir='ltr'>causa</span> <span class='ocrx_word' id='word_1_147' title='bbox 812 1382 964 1426; x_wconf 82' lang='lat' dir='ltr'>Poesim</span> <span class='ocrx_word' id='word_1_148' title='bbox 1010 1384 1228 1438; x_wconf 78' lang='lat' dir='ltr'>praesertim</span> 
     </span>
     <span class='ocr_line' id='line_1_25' title="bbox 193 1439 1232 1494; baseline 0.001 -11"><span class='ocrx_word' id='word_1_149' title='bbox 193 1440 384 1494; x_wconf 75' lang='lat' dir='ltr'>Lyricam</span> <span class='ocrx_word' id='word_1_150' title='bbox 422 1439 637 1482; x_wconf 75' lang='lat' dir='ltr'>inventam</span> <span class='ocrx_word' id='word_1_151' title='bbox 672 1439 817 1482; x_wconf 85' lang='lat' dir='ltr'>scimus</span> <span class='ocrx_word' id='word_1_152' title='bbox 845 1472 857 1492; x_wconf 91' lang='lat'>‚</span> <span class='ocrx_word' id='word_1_153' title='bbox 891 1455 976 1482; x_wconf 88' lang='lat' dir='ltr'>non</span> <span class='ocrx_word' id='word_1_154' title='bbox 1009 1441 1131 1483; x_wconf 87' lang='lat' dir='ltr'>modo</span> <span class='ocrx_word' id='word_1_155' title='bbox 1160 1442 1232 1484; x_wconf 89' lang='lat' dir='ltr'>Pe-</span> 
     </span>
     <span class='ocr_line' id='line_1_26' title="bbox 201 1496 1230 1553; baseline 0 -13"><span class='ocrx_word' id='word_1_156' title='bbox 201 1497 372 1540; x_wconf 74' lang='lat' dir='ltr'>trarchae</span> <span class='ocrx_word' id='word_1_157' title='bbox 404 1496 619 1540; x_wconf 89' lang='lat' dir='ltr'>defuerunt</span> <span class='ocrx_word' id='word_1_158' title='bbox 641 1527 653 1548; x_wconf 85' lang='lat'>,</span> <span class='ocrx_word' id='word_1_159' title='bbox 687 1497 920 1553; x_wconf 82' lang='lat' dir='ltr'>semperque</span> <span class='ocrx_word' id='word_1_160' title='bbox 947 1497 1145 1551; x_wconf 82' lang='lat' dir='ltr'>deerunt3</span> <span class='ocrx_word' id='word_1_161' title='bbox 1171 1498 1230 1541; x_wconf 86' lang='lat' dir='ltr'>sed</span> 
     </span>
     <span class='ocr_line' id='line_1_27' title="bbox 195 1552 1231 1609; baseline -0.001 -11"><span class='ocrx_word' id='word_1_162' title='bbox 195 1554 279 1607; x_wconf 81' lang='lat' dir='ltr'>ejus</span> <span class='ocrx_word' id='word_1_163' title='bbox 310 1555 435 1597; x_wconf 88' lang='lat' dir='ltr'>etiam</span> <span class='ocrx_word' id='word_1_164' title='bbox 469 1552 747 1597; x_wconf 85' lang='lat' dir='ltr'>imitatoribus</span> <span class='ocrx_word' id='word_1_165' title='bbox 772 1585 785 1607; x_wconf 81' lang='grc'><em>,</em></span> <span class='ocrx_word' id='word_1_166' title='bbox 832 1554 903 1609; x_wconf 88' lang='lat' dir='ltr'>qui</span> <span class='ocrx_word' id='word_1_167' title='bbox 938 1554 1055 1598; x_wconf 83' lang='lat' dir='ltr'>hodie</span> <span class='ocrx_word' id='word_1_168' title='bbox 1084 1570 1231 1598; x_wconf 86' lang='lat' dir='ltr'>ornnes</span> 
     </span>
     <span class='ocr_line' id='line_1_28' title="bbox 193 1610 1229 1667; baseline 0 -12"><span class='ocrx_word' id='word_1_169' title='bbox 193 1612 337 1655; x_wconf 80' lang='lat' dir='ltr'>eadem</span> <span class='ocrx_word' id='word_1_170' title='bbox 369 1610 526 1666; x_wconf 90' lang='lat' dir='ltr'>prorsus</span> <span class='ocrx_word' id='word_1_171' title='bbox 558 1610 707 1654; x_wconf 88' lang='lat' dir='ltr'>chorda</span> <span class='ocrx_word' id='word_1_172' title='bbox 737 1612 930 1654; x_wconf 86' lang='lat' dir='ltr'>oberrant</span> <span class='ocrx_word' id='word_1_173' title='bbox 946 1638 962 1664; x_wconf 87' lang='lat'>‚-</span> <span class='ocrx_word' id='word_1_174' title='bbox 993 1612 1105 1667; x_wconf 87' lang='lat' dir='ltr'>seque</span> <span class='ocrx_word' id='word_1_175' title='bbox 1139 1613 1229 1655; x_wconf 90' lang='lat' dir='ltr'>bea-</span> 
     </span>
     <span class='ocr_line' id='line_1_29' title="bbox 195 1667 1231 1723; baseline 0 -12"><span class='ocrx_word' id='word_1_176' title='bbox 195 1682 256 1712; x_wconf 87' lang='lat' dir='ltr'>tos</span> <span class='ocrx_word' id='word_1_177' title='bbox 301 1681 483 1723; x_wconf 88' lang='lat' dir='ltr'>putant,</span> <span class='ocrx_word' id='word_1_178' title='bbox 533 1667 559 1710; x_wconf 88' lang='lat' dir='ltr'>si</span> <span class='ocrx_word' id='word_1_179' title='bbox 594 1668 755 1723; x_wconf 77' lang='lat' dir='ltr'>Poetica</span> <span class='ocrx_word' id='word_1_180' title='bbox 799 1668 841 1710; x_wconf 86' lang='lat' dir='ltr'>in</span> <span class='ocrx_word' id='word_1_181' title='bbox 886 1668 1013 1712; x_wconf 78' lang='lat' dir='ltr'>scena·</span> <span class='ocrx_word' id='word_1_182' title='bbox 1054 1668 1231 1713; x_wconf 80' lang='lat' dir='ltr'>feliciter</span> 
     </span>
     <span class='ocr_line' id='line_1_30' title="bbox 193 1724 1230 1780; baseline 0 -11"><span class='ocrx_word' id='word_1_183' title='bbox 193 1724 354 1780; x_wconf 77' lang='lat' dir='ltr'>egerint</span> <span class='ocrx_word' id='word_1_184' title='bbox 378 1725 551 1776; x_wconf 83' lang='lat' dir='ltr'>judaeum</span> <span class='ocrx_word' id='word_1_185' title='bbox 578 1724 916 1780; x_wconf 80' lang='lat' dir='ltr'>interpolatorem</span> <span class='ocrx_word' id='word_1_186' title='bbox 934 1758 943 1769; x_wconf 87' lang='lat'><strong>.</strong></span> <span class='ocrx_word' id='word_1_187' title='bbox 976 1727 1092 1768; x_wconf 90' lang='lat' dir='ltr'>Nam</span> <span class='ocrx_word' id='word_1_188' title='bbox 1111 1727 1230 1780; x_wconf 86' lang='lat' dir='ltr'>Casa,</span> 
     </span>
     <span class='ocr_line' id='line_1_31' title="bbox 194 1781 1230 1838; baseline 0.001 -12"><span class='ocrx_word' id='word_1_189' title='bbox 194 1784 263 1838; x_wconf 86' lang='lat' dir='ltr'>qui</span> <span class='ocrx_word' id='word_1_190' title='bbox 296 1782 398 1825; x_wconf 89' lang='lat' dir='ltr'>alter</span> <span class='ocrx_word' id='word_1_191' title='bbox 429 1781 567 1825; x_wconf 86' lang='lat' dir='ltr'>haberi</span> <span class='ocrx_word' id='word_1_192' title='bbox 601 1785 717 1836; x_wconf 81' lang='lat' dir='ltr'>possit</span> <span class='ocrx_word' id='word_1_193' title='bbox 753 1799 776 1826; x_wconf 82' lang='lat' dir='ltr'>a</span> <span class='ocrx_word' id='word_1_194' title='bbox 810 1782 1025 1826; x_wconf 84' lang='lat' dir='ltr'>Petrarcha</span> <span class='ocrx_word' id='word_1_195' title='bbox 1062 1784 1230 1837; x_wconf 77' lang='lat' dir='ltr'>Lyrico-</span> 
     </span>
     <span class='ocr_line' id='line_1_32' title="bbox 195 1839 1228 1895; baseline 0 -13"><span class='ocrx_word' id='word_1_196' title='bbox 195 1840 376 1883; x_wconf 72' lang='lat' dir='ltr'>ricorum</span> <span class='ocrx_word' id='word_1_197' title='bbox 411 1839 513 1895; x_wconf 84' lang='lat' dir='ltr'>apud</span> <span class='ocrx_word' id='word_1_198' title='bbox 546 1854 619 1881; x_wconf 88' lang='lat' dir='ltr'>nos</span> <span class='ocrx_word' id='word_1_199' title='bbox 655 1839 872 1894; x_wconf 73' lang='lat' dir='ltr'>Princeps,</span> <span class='ocrx_word' id='word_1_200' title='bbox 904 1855 990 1882; x_wconf 83' lang='lat' dir='ltr'>non</span> <span class='ocrx_word' id='word_1_201' title='bbox 1024 1839 1134 1883; x_wconf 90' lang='lat' dir='ltr'>aliud</span> <span class='ocrx_word' id='word_1_202' title='bbox 1169 1853 1228 1883; x_wconf 87' lang='lat' dir='ltr'>at-</span> 
     </span>
     <span class='ocr_line' id='line_1_33' title="bbox 197 1895 1231 1950; baseline 0 -11"><span class='ocrx_word' id='word_1_203' title='bbox 197 1897 296 1940; x_wconf 88' lang='lat' dir='ltr'>tulit</span> <span class='ocrx_word' id='word_1_204' title='bbox 324 1928 335 1946; x_wconf 75' lang='lat'>,</span> <span class='ocrx_word' id='word_1_205' title='bbox 379 1896 452 1939; x_wconf 85' lang='lat' dir='ltr'>nisi</span> <span class='ocrx_word' id='word_1_206' title='bbox 497 1895 732 1950; x_wconf 83' lang='lat' dir='ltr'>vulgaribus</span> <span class='ocrx_word' id='word_1_207' title='bbox 779 1898 822 1939; x_wconf 87' lang='lat' dir='ltr'>in</span> <span class='ocrx_word' id='word_1_208' title='bbox 857 1896 1069 1941; x_wconf 82' lang='lat' dir='ltr'>sententiis</span> <span class='ocrx_word' id='word_1_209' title='bbox 1102 1913 1231 1940; x_wconf 87' lang='lat' dir='ltr'>novos</span> 
     </span>
     <span class='ocr_line' id='line_1_34' title="bbox 195 1953 1231 2010; baseline 0.002 -15"><span class='ocrx_word' id='word_1_210' title='bbox 195 1955 411 1997; x_wconf 76' lang='lat' dir='ltr'>verborum</span> <span class='ocrx_word' id='word_1_211' title='bbox 445 1953 712 2008; x_wconf 73' lang='lat' dir='ltr'>complexu8‚</span> <span class='ocrx_word' id='word_1_212' title='bbox 750 1968 989 2010; x_wconf 87' lang='lat' dir='ltr'>novumque</span> <span class='ocrx_word' id='word_1_213' title='bbox 1012 1954 1150 1997; x_wconf 88' lang='lat' dir='ltr'>iisdem</span> <span class='ocrx_word' id='word_1_214' title='bbox 1189 1955 1231 1997; x_wconf 87' lang='lat' dir='ltr'>in</span> 
     </span>
     <span class='ocr_line' id='line_1_35' title="bbox 192 2009 1230 2064; baseline 0 -10"><span class='ocrx_word' id='word_1_215' title='bbox 192 2011 376 2054; x_wconf 87' lang='lat' dir='ltr'>numeris</span> <span class='ocrx_word' id='word_1_216' title='bbox 413 2010 554 2053; x_wconf 86' lang='lat' dir='ltr'>sonum</span> <span class='ocrx_word' id='word_1_217' title='bbox 589 2027 598 2050; x_wconf 77' lang='grc' dir='ltr'><em>τ</em></span> <span class='ocrx_word' id='word_1_218' title='bbox 632 2009 674 2052; x_wconf 85' lang='lat'>&amp;</span> <span class='ocrx_word' id='word_1_219' title='bbox 706 2010 882 2054; x_wconf 88' lang='lat' dir='ltr'>Bembus</span> <span class='ocrx_word' id='word_1_220' title='bbox 915 2043 927 2063; x_wconf 92' lang='lat'>‚</span> <span class='ocrx_word' id='word_1_221' title='bbox 961 2012 1107 2054; x_wconf 78' lang='lat' dir='ltr'>Molza</span> <span class='ocrx_word' id='word_1_222' title='bbox 1139 2043 1151 2064; x_wconf 90' lang='lat'>‚</span> <span class='ocrx_word' id='word_1_223' title='bbox 1184 2027 1230 2054; x_wconf 89' lang='lat' dir='ltr'>ac</span> 
     </span>
     <span class='ocr_line' id='line_1_36' title="bbox 196 2067 1228 2123; baseline -0.001 -12"><span class='ocrx_word' id='word_1_224' title='bbox 196 2068 455 2123; x_wconf 81' lang='lat' dir='ltr'>Navagerius</span> <span class='ocrx_word' id='word_1_225' title='bbox 485 2099 496 2120; x_wconf 85' lang='lat'>‚</span> <span class='ocrx_word' id='word_1_226' title='bbox 540 2082 634 2109; x_wconf 88' lang='lat' dir='ltr'>cum</span> <span class='ocrx_word' id='word_1_227' title='bbox 677 2082 820 2110; x_wconf 88' lang='lat' dir='ltr'>eorum</span> <span class='ocrx_word' id='word_1_228' title='bbox 853 2068 1072 2123; x_wconf 78' lang='lat' dir='ltr'>aequalibus</span> <span class='ocrx_word' id='word_1_229' title='bbox 1103 2099 1113 2118; x_wconf 73' lang='lat'>,</span> <span class='ocrx_word' id='word_1_230' title='bbox 1159 2067 1228 2122; x_wconf 89' lang='lat' dir='ltr'>qui</span> 
     </span>
     <span class='ocr_line' id='line_1_37' title="bbox 200 2124 1231 2179; baseline -0.002 -11"><span class='ocrx_word' id='word_1_231' title='bbox 200 2125 358 2179; x_wconf 74' lang='lat' dir='ltr'>optime</span> <span class='ocrx_word' id='word_1_232' title='bbox 395 2124 610 2179; x_wconf 77' lang='lat' dir='ltr'>potu-{ssent</span> <span class='ocrx_word' id='word_1_233' title='bbox 645 2125 835 2178; x_wconf 79' lang='lat' dir='ltr'>Lyricam</span> <span class='ocrx_word' id='word_1_234' title='bbox 869 2125 1045 2168; x_wconf 83' lang='lat' dir='ltr'>nostram</span> <span class='ocrx_word' id='word_1_235' title='bbox 1075 2125 1231 2168; x_wconf 81' lang='lat' dir='ltr'>Poesim</span> 
     </span>
     <span class='ocr_line' id='line_1_38' title="bbox 201 2182 1226 2236; baseline -0.002 -11"><span class='ocrx_word' id='word_1_236' title='bbox 201 2198 390 2226; x_wconf 82' lang='lat' dir='ltr'>revocare</span> <span class='ocrx_word' id='word_1_237' title='bbox 421 2183 468 2224; x_wconf 91' lang='lat' dir='ltr'>ad</span> <span class='ocrx_word' id='word_1_238' title='bbox 498 2183 740 2224; x_wconf 76' lang='lat' dir='ltr'>Graecorum</span> <span class='ocrx_word' id='word_1_239' title='bbox 767 2214 779 2235; x_wconf 86' lang='lat'>,</span> <span class='ocrx_word' id='word_1_240' title='bbox 823 2182 1146 2236; x_wconf 85' lang='lat' dir='ltr'>Latinorumque</span> <span class='ocrx_word' id='word_1_241' title='bbox 1182 2182 1226 2224; x_wconf 88' lang='lat' dir='ltr'>li-</span> 
     </span>
     <span class='ocr_line' id='line_1_39' title="bbox 202 2238 1231 2294; baseline -0.002 -12"><span class='ocrx_word' id='word_1_242' title='bbox 202 2241 402 2283; x_wconf 83' lang='lat' dir='ltr'>bertatem</span> <span class='ocrx_word' id='word_1_243' title='bbox 446 2254 491 2280; x_wconf 92' lang='lat' dir='ltr'>ac</span> <span class='ocrx_word' id='word_1_244' title='bbox 535 2238 778 2280; x_wconf 87' lang='lat' dir='ltr'>varietatem</span> <span class='ocrx_word' id='word_1_245' title='bbox 810 2253 822 2292; x_wconf 84' lang='lat'><em>3</em></span> <span class='ocrx_word' id='word_1_246' title='bbox 866 2238 988 2292; x_wconf 79' lang='lat' dir='ltr'>longe</span> <span class='ocrx_word' id='word_1_247' title='bbox 1022 2241 1153 2294; x_wconf 78' lang='lat' dir='ltr'>magis</span> <span class='ocrx_word' id='word_1_248' title='bbox 1184 2239 1231 2281; x_wconf 90' lang='lat' dir='ltr'>ad</span> 
     </span>
     <span class='ocr_line' id='line_1_40' title="bbox 205 2294 1233 2351; baseline -0.002 -12"><span class='ocrx_word' id='word_1_249' title='bbox 205 2295 492 2339; x_wconf 74' lang='lat' dir='ltr'>rtslitutndum</span> <span class='ocrx_word' id='word_1_250' title='bbox 529 2294 766 2337; x_wconf 82' lang='lat' dir='ltr'>Latinitatis</span> <span class='ocrx_word' id='word_1_251' title='bbox 808 2297 1026 2339; x_wconf 88' lang='lat' dir='ltr'>candorem</span> <span class='ocrx_word' id='word_1_252' title='bbox 1050 2329 1062 2350; x_wconf 82' lang='grc'>,</span> <span class='ocrx_word' id='word_1_253' title='bbox 1110 2297 1233 2351; x_wconf 89' lang='lat' dir='ltr'>quin—</span> 
     </span>
     <span class='ocr_line' id='line_1_41' title="bbox 204 2351 1229 2408; baseline 0 -12"><span class='ocrx_word' id='word_1_254' title='bbox 204 2353 337 2396; x_wconf 78' lang='lat' dir='ltr'>decim</span> <span class='ocrx_word' id='word_1_255' title='bbox 374 2352 599 2394; x_wconf 84' lang='lat' dir='ltr'>seculorum</span> <span class='ocrx_word' id='word_1_256' title='bbox 635 2351 812 2395; x_wconf 82' lang='lat' dir='ltr'>tenebris</span> <span class='ocrx_word' id='word_1_257' title='bbox 843 2355 1036 2396; x_wconf 82' lang='lat' dir='ltr'>obrutum</span> <span class='ocrx_word' id='word_1_258' title='bbox 1063 2385 1075 2407; x_wconf 79' lang='lat'>‚</span> <span class='ocrx_word' id='word_1_259' title='bbox 1109 2369 1229 2408; x_wconf 81' lang='lat' dir='ltr'>quam</span> 
     </span>
     <span class='ocr_line' id='line_1_42' title="bbox 197 2409 1230 2467; baseline -0.002 -13"><span class='ocrx_word' id='word_1_260' title='bbox 197 2412 244 2454; x_wconf 85' lang='lat' dir='ltr'>ad</span> <span class='ocrx_word' id='word_1_261' title='bbox 289 2423 425 2464; x_wconf 83' lang='lat' dir='ltr'>tropos</span> <span class='ocrx_word' id='word_1_262' title='bbox 455 2441 466 2461; x_wconf 89' lang='lat'>,</span> <span class='ocrx_word' id='word_1_263' title='bbox 513 2409 680 2461; x_wconf 80' lang='lat' dir='ltr'>modos,</span> <span class='ocrx_word' id='word_1_264' title='bbox 716 2411 984 2467; x_wconf 80' lang='lat' dir='ltr'>numerosque</span> <span class='ocrx_word' id='word_1_265' title='bbox 1015 2426 1144 2454; x_wconf 81' lang='lat' dir='ltr'>novos</span> <span class='ocrx_word' id='word_1_266' title='bbox 1186 2410 1230 2453; x_wconf 90' lang='lat' dir='ltr'>in</span> 
     </span>
     <span class='ocr_line' id='line_1_43' title="bbox 191 2466 1070 2518; baseline 0 -8"><span class='ocrx_word' id='word_1_267' title='bbox 191 2466 338 2510; x_wconf 81' lang='lat' dir='ltr'>Italica</span> <span class='ocrx_word' id='word_1_268' title='bbox 378 2466 514 2516; x_wconf 60' lang='lat' dir='ltr'>lingua</span> <span class='ocrx_word' id='word_1_269' title='bbox 559 2467 741 2518; x_wconf 76' lang='lat' dir='ltr'>serendos</span> <span class='ocrx_word' id='word_1_270' title='bbox 774 2468 1070 2511; x_wconf 88' lang='lat' dir='ltr'>incubuerunt.</span> 
     </span>
     <span class='ocr_line' id='line_1_44' title="bbox 245 2523 1228 2579; baseline 0 -13"><span class='ocrx_word' id='word_1_271' title='bbox 245 2524 527 2579; x_wconf 57' lang='lat' dir='ltr'>Quamobrem</span> <span class='ocrx_word' id='word_1_272' title='bbox 544 2523 638 2565; x_wconf 86' lang='lat' dir='ltr'>ltali</span> <span class='ocrx_word' id='word_1_273' title='bbox 657 2555 669 2576; x_wconf 81' lang='lat'>,</span> <span class='ocrx_word' id='word_1_274' title='bbox 701 2524 769 2578; x_wconf 85' lang='lat' dir='ltr'>qui</span> <span class='ocrx_word' id='word_1_275' title='bbox 797 2540 880 2568; x_wconf 90' lang='lat' dir='ltr'>non</span> <span class='ocrx_word' id='word_1_276' title='bbox 901 2541 1022 2577; x_wconf 86' lang='lat' dir='ltr'>meo,</span> <span class='ocrx_word' id='word_1_277' title='bbox 1046 2525 1104 2569; x_wconf 91' lang='lat' dir='ltr'>sed</span> <span class='ocrx_word' id='word_1_278' title='bbox 1119 2524 1228 2568; x_wconf 88' lang='lat' dir='ltr'>mul-</span> 
     </span>
     <span class='ocr_line' id='line_1_45' title="bbox 192 2581 1228 2636; baseline 0 -11"><span class='ocrx_word' id='word_1_279' title='bbox 192 2597 330 2626; x_wconf 81' lang='lat' dir='ltr'>torum</span> <span class='ocrx_word' id='word_1_280' title='bbox 357 2582 398 2623; x_wconf 81' lang='lat'>&amp;</span> <span class='ocrx_word' id='word_1_281' title='bbox 419 2581 584 2636; x_wconf 89' lang='lat' dir='ltr'>quidem</span> <span class='ocrx_word' id='word_1_282' title='bbox 613 2581 932 2625; x_wconf 67' lang='lat' dir='ltr'>doe&#39;tissimorum</span> <span class='ocrx_word' id='word_1_283' title='bbox 948 2582 1122 2636; x_wconf 84' lang='lat' dir='ltr'>judicio,</span> <span class='ocrx_word' id='word_1_284' title='bbox 1146 2583 1228 2625; x_wconf 88' lang='lat' dir='ltr'>solo</span> 
     </span>
     <span class='ocr_line' id='line_1_46' title="bbox 193 2637 1230 2692; baseline 0 -10"><span class='ocrx_word' id='word_1_285' title='bbox 193 2642 357 2690; x_wconf 81' lang='lat' dir='ltr'>Dante,</span> <span class='ocrx_word' id='word_1_286' title='bbox 387 2651 506 2692; x_wconf 84' lang='lat' dir='ltr'>atque</span> <span class='ocrx_word' id='word_1_287' title='bbox 534 2637 693 2679; x_wconf 75' lang='lat' dir='ltr'>Ariosto</span> <span class='ocrx_word' id='word_1_288' title='bbox 714 2653 808 2680; x_wconf 88' lang='lat' dir='ltr'>cum</span> <span class='ocrx_word' id='word_1_289' title='bbox 832 2639 1032 2682; x_wconf 81' lang='lat' dir='ltr'>veteribus</span> <span class='ocrx_word' id='word_1_290' title='bbox 1054 2655 1138 2682; x_wconf 90' lang='lat' dir='ltr'>non</span> <span class='ocrx_word' id='word_1_291' title='bbox 1154 2639 1230 2682; x_wconf 87' lang='lat' dir='ltr'>im-</span> 
     </span>
     <span class='ocr_line' id='line_1_47' title="bbox 198 2694 1233 2752; baseline 0 -14"><span class='ocrx_word' id='word_1_292' title='bbox 198 2696 321 2752; x_wconf 82' lang='lat' dir='ltr'>probe</span> <span class='ocrx_word' id='word_1_293' title='bbox 354 2694 712 2744; x_wconf 77' lang='lat' dir='ltr'>contenderimus3</span> <span class='ocrx_word' id='word_1_294' title='bbox 743 2695 893 2750; x_wconf 88' lang='lat' dir='ltr'>quique</span> <span class='ocrx_word' id='word_1_295' title='bbox 919 2712 1001 2738; x_wconf 88' lang='lat' dir='ltr'>uno</span> <span class='ocrx_word' id='word_1_296' title='bbox 1015 2697 1233 2751; x_wconf 87' lang='lat' dir='ltr'>Torquato</span> 
     </span>
     <span class='ocr_line' id='line_1_48' title="bbox 197 2751 1231 2807; baseline -0.002 -11"><span class='ocrx_word' id='word_1_297' title='bbox 197 2752 404 2796; x_wconf 55' lang='lat' dir='ltr'>vincimus</span> <span class='ocrx_word' id='word_1_298' title='bbox 427 2764 610 2802; x_wconf 85' lang='lat' dir='ltr'>exteros,</span> <span class='ocrx_word' id='word_1_299' title='bbox 642 2751 787 2805; x_wconf 90' lang='lat' dir='ltr'>quibus</span> <span class='ocrx_word' id='word_1_300' title='bbox 808 2752 848 2793; x_wconf 90' lang='lat' dir='ltr'>in</span> <span class='ocrx_word' id='word_1_301' title='bbox 875 2752 991 2794; x_wconf 87' lang='lat' dir='ltr'>omni</span> <span class='ocrx_word' id='word_1_302' title='bbox 1019 2752 1231 2807; x_wconf 83' lang='lat' dir='ltr'>Eloquen-</span> 
     </span>
     <span class='ocr_line' id='line_1_49' title="bbox 201 2808 1231 2864; baseline -0.002 -11"><span class='ocrx_word' id='word_1_303' title='bbox 201 2813 266 2854; x_wconf 72' lang='lat' dir='ltr'>tire</span> <span class='ocrx_word' id='word_1_304' title='bbox 290 2823 437 2864; x_wconf 82' lang='lat' dir='ltr'>genere</span> <span class='ocrx_word' id='word_1_305' title='bbox 459 2808 774 2851; x_wconf 75' lang='lat' dir='ltr'>antecellimus:</span> <span class='ocrx_word' id='word_1_306' title='bbox 810 2809 952 2862; x_wconf 72' lang='lat' dir='ltr'>Lyrica</span> <span class='ocrx_word' id='word_1_307' title='bbox 975 2823 1114 2851; x_wconf 85' lang='lat' dir='ltr'>tamen</span> <span class='ocrx_word' id='word_1_308' title='bbox 1133 2810 1231 2851; x_wconf 86' lang='lat' dir='ltr'>Poe-</span> 
     </span>
     <span class='ocr_line' id='line_1_50' title="bbox 202 2865 1233 2919; baseline 0.001 -12"><span class='ocrx_word' id='word_1_309' title='bbox 202 2870 262 2919; x_wconf 68' lang='lat' dir='ltr'>fi,</span> <span class='ocrx_word' id='word_1_310' title='bbox 297 2881 380 2907; x_wconf 89' lang='lat' dir='ltr'>non</span> <span class='ocrx_word' id='word_1_311' title='bbox 415 2865 550 2907; x_wconf 87' lang='lat' dir='ltr'>minus</span> <span class='ocrx_word' id='word_1_312' title='bbox 583 2895 594 2917; x_wconf 76' lang='lat'>,</span> <span class='ocrx_word' id='word_1_313' title='bbox 627 2879 751 2919; x_wconf 87' lang='lat' dir='ltr'>quam</span> <span class='ocrx_word' id='word_1_314' title='bbox 773 2866 954 2919; x_wconf 74' lang='lat' dir='ltr'>Tragica</span> <span class='ocrx_word' id='word_1_315' title='bbox 985 2865 1233 2918; x_wconf 77' lang='lat' dir='ltr'>&amp;Comica,</span> 
     </span>
     <span class='ocr_line' id='line_1_51' title="bbox 200 2921 1232 2977; baseline -0.005 -8"><span class='ocrx_word' id='word_1_316' title='bbox 200 2937 421 2977; x_wconf 84' lang='lat' dir='ltr'>utcumque</span> <span class='ocrx_word' id='word_1_317' title='bbox 445 2922 668 2975; x_wconf 81' lang='lat' dir='ltr'>praestemus</span> <span class='ocrx_word' id='word_1_318' title='bbox 688 2921 803 2974; x_wconf 81' lang='lat' dir='ltr'>aliis;</span> <span class='ocrx_word' id='word_1_319' title='bbox 843 2922 998 2965; x_wconf 78' lang='lat' dir='ltr'>Graecis</span> <span class='ocrx_word' id='word_1_320' title='bbox 1029 2935 1166 2965; x_wconf 87' lang='lat' dir='ltr'>tamen</span> <span class='ocrx_word' id='word_1_321' title='bbox 1187 2938 1232 2964; x_wconf 89' lang='lat' dir='ltr'>ac</span> 
     </span>
     <span class='ocr_line' id='line_1_52' title="bbox 205 2977 1230 3034; baseline -0.003 -10"><span class='ocrx_word' id='word_1_322' title='bbox 205 2980 362 3027; x_wconf 63' lang='lat' dir='ltr'>Latinis</span> <span class='ocrx_word' id='word_1_323' title='bbox 392 2980 514 3033; x_wconf 72' lang='lat' dir='ltr'>longo</span> <span class='ocrx_word' id='word_1_324' title='bbox 541 2977 760 3022; x_wconf 83' lang='lat' dir='ltr'>intervallo</span> <span class='ocrx_word' id='word_1_325' title='bbox 782 2979 980 3022; x_wconf 88' lang='lat' dir='ltr'>cedimus:</span> <span class='ocrx_word' id='word_1_326' title='bbox 1015 2996 1107 3022; x_wconf 90' lang='lat' dir='ltr'>curn</span> <span class='ocrx_word' id='word_1_327' title='bbox 1137 2995 1230 3034; x_wconf 82' lang='lat' dir='ltr'>prae—</span> 
     </span>
     <span class='ocr_line' id='line_1_53' title="bbox 205 3035 1230 3092; baseline -0.002 -12"><span class='ocrx_word' id='word_1_328' title='bbox 205 3055 264 3083; x_wconf 85' lang='lat' dir='ltr'>ter</span> <span class='ocrx_word' id='word_1_329' title='bbox 290 3037 549 3079; x_wconf 80' lang='lat' dir='ltr'>Petrarcham</span> <span class='ocrx_word' id='word_1_330' title='bbox 576 3068 588 3088; x_wconf 88' lang='lat'>‚</span> <span class='ocrx_word' id='word_1_331' title='bbox 633 3035 858 3092; x_wconf 87' lang='lat' dir='ltr'>veteresque</span> <span class='ocrx_word' id='word_1_332' title='bbox 905 3036 1013 3079; x_wconf 88' lang='lat' dir='ltr'>illius</span> <span class='ocrx_word' id='word_1_333' title='bbox 1047 3036 1230 3080; x_wconf 87' lang='lat' dir='ltr'>imitato-</span> 
     </span>
     <span class='ocr_line' id='line_1_54' title="bbox 203 3092 1226 3150; baseline -0.002 -11"><span class='ocrx_word' id='word_1_334' title='bbox 203 3112 291 3148; x_wconf 72' lang='lat' dir='ltr'>res,</span> <span class='ocrx_word' id='word_1_335' title='bbox 322 3092 574 3150; x_wconf 78' lang='lat' dir='ltr'>ejusdemque</span> <span class='ocrx_word' id='word_1_336' title='bbox 608 3092 818 3149; x_wconf 70' lang='lat' dir='ltr'>praesentes</span> <span class='ocrx_word' id='word_1_337' title='bbox 849 3094 1141 3149; x_wconf 75' lang='lat' dir='ltr'>descriptores3</span> <span class='ocrx_word' id='word_1_338' title='bbox 1170 3093 1226 3137; x_wconf 90' lang='lat' dir='ltr'>so·</span> 
     </span>
    </p>
   </div>
   <div class='ocr_carea' id='block_1_5' title="bbox 1275 241 2319 3188">
    <p class='ocr_par' dir='ltr' id='par_1_5' title="bbox 1275 241 2319 1838">
     <span class='ocr_line' id='line_1_55' title="bbox 1279 241 2306 300; baseline 0.011 -17"><span class='ocrx_word' id='word_1_339' title='bbox 1279 257 1356 299; x_wconf 91' lang='lat' dir='ltr'>que</span> <span class='ocrx_word' id='word_1_340' title='bbox 1392 241 1592 294; x_wconf 82' lang='lat' dir='ltr'>speremus</span> <span class='ocrx_word' id='word_1_341' title='bbox 1623 241 1863 300; x_wconf 86' lang='lat' dir='ltr'>habituros,</span> <span class='ocrx_word' id='word_1_342' title='bbox 1894 246 1970 289; x_wconf 83' lang='lat' dir='ltr'>nisi</span> <span class='ocrx_word' id='word_1_343' title='bbox 2004 261 2159 292; x_wconf 88' lang='lat' dir='ltr'>retenta</span> <span class='ocrx_word' id='word_1_344' title='bbox 2194 263 2306 294; x_wconf 83' lang='lat' dir='ltr'>vete-</span> 
     </span>
     <span class='ocr_line' id='line_1_56' title="bbox 1278 298 2304 358; baseline 0.011 -18"><span class='ocrx_word' id='word_1_345' title='bbox 1278 302 1312 344; x_wconf 84' lang='lat' dir='ltr'>ri</span> <span class='ocrx_word' id='word_1_346' title='bbox 1347 298 1522 342; x_wconf 62' lang='lat' dir='ltr'>dietione</span> <span class='ocrx_word' id='word_1_347' title='bbox 1548 330 1560 351; x_wconf 91' lang='lat'>‚</span> <span class='ocrx_word' id='word_1_348' title='bbox 1604 298 1869 356; x_wconf 84' lang='lat' dir='ltr'>adhibitoque</span> <span class='ocrx_word' id='word_1_349' title='bbox 1900 316 2226 358; x_wconf 80' lang='lat' dir='ltr'>temperamento</span> <span class='ocrx_word' id='word_1_350' title='bbox 2257 323 2304 350; x_wconf 87' lang='lat' dir='ltr'>ac</span> 
     </span>
     <span class='ocr_line' id='line_1_57' title="bbox 1277 355 2305 418; baseline 0.011 -20"><span class='ocrx_word' id='word_1_351' title='bbox 1277 355 1429 409; x_wconf 83' lang='lat' dir='ltr'>judicio</span> <span class='ocrx_word' id='word_1_352' title='bbox 1457 371 1469 408; x_wconf 83' lang='lat'>3</span> <span class='ocrx_word' id='word_1_353' title='bbox 1511 371 1592 410; x_wconf 92' lang='lat' dir='ltr'>quo</span> <span class='ocrx_word' id='word_1_354' title='bbox 1633 355 1751 399; x_wconf 83' lang='lat' dir='ltr'>fimul</span> <span class='ocrx_word' id='word_1_355' title='bbox 1795 373 1889 401; x_wconf 88' lang='lat' dir='ltr'>cum</span> <span class='ocrx_word' id='word_1_356' title='bbox 1920 359 2100 406; x_wconf 65' lang='lat' dir='ltr'>diffione</span> <span class='ocrx_word' id='word_1_357' title='bbox 2133 379 2231 418; x_wconf 83' lang='lat' dir='ltr'>pura</span> <span class='ocrx_word' id='word_1_358' title='bbox 2260 365 2305 408; x_wconf 89' lang='lat'>&amp;</span> 
     </span>
     <span class='ocr_line' id='line_1_58' title="bbox 1278 413 2302 472; baseline 0.006 -17"><span class='ocrx_word' id='word_1_359' title='bbox 1278 413 1447 457; x_wconf 83' lang='lat' dir='ltr'>candida</span> <span class='ocrx_word' id='word_1_360' title='bbox 1481 425 1666 456; x_wconf 88' lang='lat' dir='ltr'>veterum</span> <span class='ocrx_word' id='word_1_361' title='bbox 1711 428 1925 469; x_wconf 78' lang='lat' dir='ltr'>nugatores</span> <span class='ocrx_word' id='word_1_362' title='bbox 1969 421 2145 472; x_wconf 78' lang='lat' dir='ltr'>proximi</span> <span class='ocrx_word' id='word_1_363' title='bbox 2182 421 2302 465; x_wconf 72' lang='lat' dir='ltr'>seculi</span> 
     </span>
     <span class='ocr_line' id='line_1_59' title="bbox 1277 470 2304 531; baseline 0.008 -17"><span class='ocrx_word' id='word_1_364' title='bbox 1277 483 1493 514; x_wconf 87' lang='lat' dir='ltr'>caruerunt</span> <span class='ocrx_word' id='word_1_365' title='bbox 1517 470 1606 528; x_wconf 32' lang='lat' dir='ltr'>Q&amp;</span> <span class='ocrx_word' id='word_1_366' title='bbox 1640 471 1879 515; x_wconf 88' lang='lat' dir='ltr'>varietatem</span> <span class='ocrx_word' id='word_1_367' title='bbox 1914 489 2047 518; x_wconf 85' lang='lat' dir='ltr'>rerum</span> <span class='ocrx_word' id='word_1_368' title='bbox 2077 493 2304 531; x_wconf 76' lang='lat' dir='ltr'>quaeramus</span> 
     </span>
     <span class='ocr_line' id='line_1_60' title="bbox 1277 527 2300 589; baseline 0.007 -18"><span class='ocrx_word' id='word_1_369' title='bbox 1277 527 1506 580; x_wconf 83' lang='lat' dir='ltr'>majorem,</span> <span class='ocrx_word' id='word_1_370' title='bbox 1538 529 1782 583; x_wconf 85' lang='lat' dir='ltr'>eventusque</span> <span class='ocrx_word' id='word_1_371' title='bbox 1814 530 2046 574; x_wconf 84' lang='lat' dir='ltr'>intexamus</span> <span class='ocrx_word' id='word_1_372' title='bbox 2071 532 2300 589; x_wconf 78' lang='lat' dir='ltr'>lepidiores,</span> 
     </span>
     <span class='ocr_line' id='line_1_61' title="bbox 1275 583 2305 645; baseline 0.008 -18"><span class='ocrx_word' id='word_1_373' title='bbox 1275 601 1321 628; x_wconf 86' lang='lat' dir='ltr'>ac</span> <span class='ocrx_word' id='word_1_374' title='bbox 1365 600 1426 627; x_wconf 87' lang='lat' dir='ltr'>res</span> <span class='ocrx_word' id='word_1_375' title='bbox 1469 583 1754 627; x_wconf 83' lang='lat' dir='ltr'>interseramus</span> <span class='ocrx_word' id='word_1_376' title='bbox 1795 587 1947 629; x_wconf 81' lang='lat' dir='ltr'>Graecis</span> <span class='ocrx_word' id='word_1_377' title='bbox 1979 589 2212 645; x_wconf 87' lang='lat' dir='ltr'>Latinisque</span> <span class='ocrx_word' id='word_1_378' title='bbox 2255 591 2305 634; x_wconf 83' lang='lat' dir='ltr'>fi-</span> 
     </span>
     <span class='ocr_line' id='line_1_62' title="bbox 1276 639 2297 703; baseline 0.007 -19"><span class='ocrx_word' id='word_1_379' title='bbox 1276 641 1434 693; x_wconf 78' lang='lat' dir='ltr'>mile33</span> <span class='ocrx_word' id='word_1_380' title='bbox 1477 639 1794 697; x_wconf 84' lang='lat' dir='ltr'>animorumque</span> <span class='ocrx_word' id='word_1_381' title='bbox 1838 656 1974 686; x_wconf 83' lang='lat' dir='ltr'>motus</span> <span class='ocrx_word' id='word_1_382' title='bbox 2020 645 2297 703; x_wconf 83' lang='lat' dir='ltr'>&amp;imagines</span> 
     </span>
     <span class='ocr_line' id='line_1_63' title="bbox 1276 698 2299 753; baseline 0.007 -12"><span class='ocrx_word' id='word_1_383' title='bbox 1276 698 1571 752; x_wconf 70' lang='lat' dir='ltr'>ingeniorum,</span> <span class='ocrx_word' id='word_1_384' title='bbox 1605 698 1864 753; x_wconf 85' lang='lat' dir='ltr'>popularibus</span> <span class='ocrx_word' id='word_1_385' title='bbox 1895 700 2099 745; x_wconf 87' lang='lat' dir='ltr'>coloribus</span> <span class='ocrx_word' id='word_1_386' title='bbox 2122 704 2171 746; x_wconf 89' lang='lat' dir='ltr'>ad</span> <span class='ocrx_word' id='word_1_387' title='bbox 2184 720 2299 748; x_wconf 90' lang='lat' dir='ltr'>com-</span> 
     </span>
     <span class='ocr_line' id='line_1_64' title="bbox 1277 755 2307 816; baseline 0.005 -17"><span class='ocrx_word' id='word_1_388' title='bbox 1277 770 1448 799; x_wconf 86' lang='lat' dir='ltr'>munem</span> <span class='ocrx_word' id='word_1_389' title='bbox 1492 755 1775 810; x_wconf 81' lang='lat' dir='ltr'>cognitionem</span> <span class='ocrx_word' id='word_1_390' title='bbox 1829 773 1875 800; x_wconf 87' lang='lat' dir='ltr'>ac</span> <span class='ocrx_word' id='word_1_391' title='bbox 1926 758 2081 802; x_wconf 89' lang='lat' dir='ltr'>sensum</span> <span class='ocrx_word' id='word_1_392' title='bbox 2126 775 2307 816; x_wconf 85' lang='lat' dir='ltr'>expona-</span> 
     </span>
     <span class='ocr_line' id='line_1_65' title="bbox 1276 811 2310 865; baseline 0.007 -11"><span class='ocrx_word' id='word_1_393' title='bbox 1276 828 1366 855; x_wconf 86' lang='lat' dir='ltr'>mus</span> <span class='ocrx_word' id='word_1_394' title='bbox 1398 844 1407 854; x_wconf 93' lang='lat'>.</span> <span class='ocrx_word' id='word_1_395' title='bbox 1458 813 1578 865; x_wconf 83' lang='lat' dir='ltr'>Quod</span> <span class='ocrx_word' id='word_1_396' title='bbox 1611 811 1838 856; x_wconf 87' lang='lat' dir='ltr'>blateroncs</span> <span class='ocrx_word' id='word_1_397' title='bbox 1883 815 2005 858; x_wconf 82' lang='lat' dir='ltr'>nostri</span> <span class='ocrx_word' id='word_1_398' title='bbox 2037 832 2133 860; x_wconf 89' lang='lat' dir='ltr'>curn</span> <span class='ocrx_word' id='word_1_399' title='bbox 2165 817 2310 861; x_wconf 87' lang='lat' dir='ltr'>admo-</span> 
     </span>
     <span class='ocr_line' id='line_1_66' title="bbox 1276 869 2306 927; baseline 0.006 -15"><span class='ocrx_word' id='word_1_400' title='bbox 1276 871 1373 913; x_wconf 90' lang='lat' dir='ltr'>dum</span> <span class='ocrx_word' id='word_1_401' title='bbox 1417 869 1562 913; x_wconf 89' lang='lat' dir='ltr'>insulse</span> <span class='ocrx_word' id='word_1_402' title='bbox 1605 870 1855 924; x_wconf 80' lang='lat' dir='ltr'>tentassent,</span> <span class='ocrx_word' id='word_1_403' title='bbox 1913 885 2036 927; x_wconf 86' lang='lat' dir='ltr'>arque</span> <span class='ocrx_word' id='word_1_404' title='bbox 2079 873 2306 918; x_wconf 89' lang='lat' dir='ltr'>infeliciter</span> 
     </span>
     <span class='ocr_line' id='line_1_67' title="bbox 1276 925 2305 983; baseline 0.005 -13"><span class='ocrx_word' id='word_1_405' title='bbox 1276 944 1321 970; x_wconf 87' lang='lat' dir='ltr'>ac</span> <span class='ocrx_word' id='word_1_406' title='bbox 1353 942 1468 970; x_wconf 88' lang='lat' dir='ltr'>more</span> <span class='ocrx_word' id='word_1_407' title='bbox 1500 925 1714 970; x_wconf 81' lang='lat' dir='ltr'>stultorum</span> <span class='ocrx_word' id='word_1_408' title='bbox 1735 959 1747 981; x_wconf 89' lang='lat'>,</span> <span class='ocrx_word' id='word_1_409' title='bbox 1782 927 1921 970; x_wconf 88' lang='lat' dir='ltr'>vitatis</span> <span class='ocrx_word' id='word_1_410' title='bbox 1954 929 2064 972; x_wconf 87' lang='lat' dir='ltr'>vitiis</span> <span class='ocrx_word' id='word_1_411' title='bbox 2085 961 2097 983; x_wconf 90' lang='lat'>‚</span> <span class='ocrx_word' id='word_1_412' title='bbox 2129 931 2172 973; x_wconf 88' lang='lat' dir='ltr'>in</span> <span class='ocrx_word' id='word_1_413' title='bbox 2204 947 2305 974; x_wconf 88' lang='lat' dir='ltr'>con-</span> 
     </span>
     <span class='ocr_line' id='line_1_68' title="bbox 1277 983 2306 1044; baseline 0.006 -18"><span class='ocrx_word' id='word_1_414' title='bbox 1277 985 1402 1026; x_wconf 84' lang='lat' dir='ltr'>traria</span> <span class='ocrx_word' id='word_1_415' title='bbox 1435 983 1724 1037; x_wconf 79' lang='lat' dir='ltr'>cucurrissent,</span> <span class='ocrx_word' id='word_1_416' title='bbox 1757 997 1881 1039; x_wconf 89' lang='lat' dir='ltr'>utque</span> <span class='ocrx_word' id='word_1_417' title='bbox 1914 985 2168 1030; x_wconf 82' lang='lat' dir='ltr'>sterilitatem</span> <span class='ocrx_word' id='word_1_418' title='bbox 2190 987 2306 1044; x_wconf 86' lang='lat' dir='ltr'>fuge-</span> 
     </span>
     <span class='ocr_line' id='line_1_69' title="bbox 1278 1040 2310 1098; baseline 0.006 -15"><span class='ocrx_word' id='word_1_419' title='bbox 1278 1053 1366 1084; x_wconf 89' lang='lat' dir='ltr'>rent</span> <span class='ocrx_word' id='word_1_420' title='bbox 1397 1072 1411 1094; x_wconf 84' lang='lat'>,</span> <span class='ocrx_word' id='word_1_421' title='bbox 1469 1041 1582 1095; x_wconf 86' lang='lat' dir='ltr'>supra</span> <span class='ocrx_word' id='word_1_422' title='bbox 1627 1040 1797 1083; x_wconf 88' lang='lat' dir='ltr'>modurn</span> <span class='ocrx_word' id='word_1_423' title='bbox 1841 1041 2125 1087; x_wconf 72' lang='lat' dir='ltr'>intumuissent</span> <span class='ocrx_word' id='word_1_424' title='bbox 2156 1076 2169 1098; x_wconf 87' lang='lat'>,</span> <span class='ocrx_word' id='word_1_425' title='bbox 2211 1046 2310 1089; x_wconf 90' lang='lat' dir='ltr'>adeo</span> 
     </span>
     <span class='ocr_line' id='line_1_70' title="bbox 1277 1096 2311 1146; baseline 0.006 -6"><span class='ocrx_word' id='word_1_426' title='bbox 1277 1111 1393 1141; x_wconf 83' lang='lat' dir='ltr'>aetate</span> <span class='ocrx_word' id='word_1_427' title='bbox 1437 1098 1571 1140; x_wconf 78' lang='lat' dir='ltr'>nostra</span> <span class='ocrx_word' id='word_1_428' title='bbox 1612 1096 1867 1140; x_wconf 80' lang='lat' dir='ltr'>stomachum</span> <span class='ocrx_word' id='word_1_429' title='bbox 1924 1097 2159 1144; x_wconf 88' lang='lat' dir='ltr'>hominibus</span> <span class='ocrx_word' id='word_1_430' title='bbox 2203 1103 2311 1146; x_wconf 88' lang='lat' dir='ltr'>inte·-</span> 
     </span>
     <span class='ocr_line' id='line_1_71' title="bbox 1278 1153 2309 1209; baseline 0.003 -12"><span class='ocrx_word' id='word_1_431' title='bbox 1278 1155 1421 1209; x_wconf 81' lang='lat' dir='ltr'>grioris</span> <span class='ocrx_word' id='word_1_432' title='bbox 1454 1153 1591 1205; x_wconf 84' lang='lat' dir='ltr'>judicii</span> <span class='ocrx_word' id='word_1_433' title='bbox 1623 1168 1944 1197; x_wconf 88' lang='lat' dir='ltr'>commoverunt</span> <span class='ocrx_word' id='word_1_434' title='bbox 1973 1172 1985 1209; x_wconf 81' lang='lat'>3</span> <span class='ocrx_word' id='word_1_435' title='bbox 2035 1168 2078 1200; x_wconf 94' lang='lat' dir='ltr'>ut</span> <span class='ocrx_word' id='word_1_436' title='bbox 2109 1158 2157 1200; x_wconf 87' lang='lat' dir='ltr'>ad</span> <span class='ocrx_word' id='word_1_437' title='bbox 2189 1160 2309 1202; x_wconf 90' lang='lat' dir='ltr'>unius</span> 
     </span>
     <span class='ocr_line' id='line_1_72' title="bbox 1281 1210 2311 1269; baseline 0.006 -16"><span class='ocrx_word' id='word_1_438' title='bbox 1281 1212 1509 1254; x_wconf 82' lang='lat' dir='ltr'>Petrarchae</span> <span class='ocrx_word' id='word_1_439' title='bbox 1540 1210 1848 1264; x_wconf 87' lang='lat' dir='ltr'>imitationem,</span> <span class='ocrx_word' id='word_1_440' title='bbox 1883 1223 2095 1269; x_wconf 86' lang='lat' dir='ltr'>tamquam</span> <span class='ocrx_word' id='word_1_441' title='bbox 2127 1215 2311 1259; x_wconf 86' lang='lat' dir='ltr'>adaram</span> 
     </span>
     <span class='ocr_line' id='line_1_73' title="bbox 1279 1268 2309 1324; baseline 0.003 -13"><span class='ocrx_word' id='word_1_442' title='bbox 1279 1269 1510 1311; x_wconf 86' lang='lat' dir='ltr'>maximam</span> <span class='ocrx_word' id='word_1_443' title='bbox 1533 1300 1544 1321; x_wconf 91' lang='lat'>,</span> <span class='ocrx_word' id='word_1_444' title='bbox 1579 1268 1800 1311; x_wconf 88' lang='lat' dir='ltr'>securitatis</span> <span class='ocrx_word' id='word_1_445' title='bbox 1832 1268 1945 1312; x_wconf 87' lang='lat' dir='ltr'>causa</span> <span class='ocrx_word' id='word_1_446' title='bbox 1966 1301 1978 1324; x_wconf 88' lang='lat'>‚</span> <span class='ocrx_word' id='word_1_447' title='bbox 2011 1269 2047 1314; x_wconf 89' lang='lat' dir='ltr'>se</span> <span class='ocrx_word' id='word_1_448' title='bbox 2080 1271 2309 1316; x_wconf 86' lang='lat' dir='ltr'>retulerint:</span> 
     </span>
     <span class='ocr_line' id='line_1_74' title="bbox 1279 1325 2307 1382; baseline 0.004 -14"><span class='ocrx_word' id='word_1_449' title='bbox 1279 1338 1510 1381; x_wconf 89' lang='lat' dir='ltr'>repetentes</span> <span class='ocrx_word' id='word_1_450' title='bbox 1540 1325 1662 1368; x_wconf 89' lang='lat' dir='ltr'>toties</span> <span class='ocrx_word' id='word_1_451' title='bbox 1692 1326 1744 1368; x_wconf 90' lang='lat' dir='ltr'>ab</span> <span class='ocrx_word' id='word_1_452' title='bbox 1772 1325 1862 1368; x_wconf 85' lang='lat' dir='ltr'>aliis</span> <span class='ocrx_word' id='word_1_453' title='bbox 1889 1339 2101 1372; x_wconf 72' lang='lat' dir='ltr'>recantata</span> <span class='ocrx_word' id='word_1_454' title='bbox 2133 1359 2146 1382; x_wconf 87' lang='lat'><strong><em>‚</em></strong></span> <span class='ocrx_word' id='word_1_455' title='bbox 2178 1345 2229 1372; x_wconf 90' lang='lat' dir='ltr'>ne</span> <span class='ocrx_word' id='word_1_456' title='bbox 2260 1346 2307 1372; x_wconf 89' lang='lat' dir='ltr'>a-</span> 
     </span>
     <span class='ocr_line' id='line_1_75' title="bbox 1286 1382 2307 1436; baseline 0.004 -12"><span class='ocrx_word' id='word_1_457' title='bbox 1286 1382 1383 1425; x_wconf 87' lang='lat' dir='ltr'>liam</span> <span class='ocrx_word' id='word_1_458' title='bbox 1418 1382 1606 1425; x_wconf 75' lang='lat' dir='ltr'>ineuntes</span> <span class='ocrx_word' id='word_1_459' title='bbox 1640 1384 1750 1426; x_wconf 89' lang='lat' dir='ltr'>viam</span> <span class='ocrx_word' id='word_1_460' title='bbox 1774 1414 1786 1436; x_wconf 85' lang='lat'>‚</span> <span class='ocrx_word' id='word_1_461' title='bbox 1829 1383 1873 1425; x_wconf 88' lang='lat' dir='ltr'>in</span> <span class='ocrx_word' id='word_1_462' title='bbox 1905 1383 2073 1428; x_wconf 88' lang='lat' dir='ltr'>illorum</span> <span class='ocrx_word' id='word_1_463' title='bbox 2106 1384 2307 1429; x_wconf 88' lang='lat' dir='ltr'>inauditas</span> 
     </span>
     <span class='ocr_line' id='line_1_76' title="bbox 1282 1439 2314 1496; baseline 0.004 -14"><span class='ocrx_word' id='word_1_464' title='bbox 1282 1439 1454 1494; x_wconf 85' lang='lat' dir='ltr'>ineptias</span> <span class='ocrx_word' id='word_1_465' title='bbox 1497 1439 1780 1483; x_wconf 86' lang='lat' dir='ltr'>delaberentur</span> <span class='ocrx_word' id='word_1_466' title='bbox 1810 1471 1823 1493; x_wconf 85' lang='lat'>‚</span> <span class='ocrx_word' id='word_1_467' title='bbox 1862 1440 1974 1496; x_wconf 83' lang='lat' dir='ltr'>quasi</span> <span class='ocrx_word' id='word_1_468' title='bbox 2017 1441 2191 1495; x_wconf 87' lang='lat' dir='ltr'>lyricum</span> <span class='ocrx_word' id='word_1_469' title='bbox 2225 1457 2314 1486; x_wconf 86' lang='lat' dir='ltr'>car-</span> 
     </span>
     <span class='ocr_line' id='line_1_77' title="bbox 1282 1495 2316 1543; baseline 0.003 -4"><span class='ocrx_word' id='word_1_470' title='bbox 1282 1512 1379 1539; x_wconf 90' lang='lat' dir='ltr'>men</span> <span class='ocrx_word' id='word_1_471' title='bbox 1413 1495 1632 1540; x_wconf 83' lang='lat' dir='ltr'>vernacule</span> <span class='ocrx_word' id='word_1_472' title='bbox 1664 1496 1946 1540; x_wconf 87' lang='lat' dir='ltr'>modulaturus</span> <span class='ocrx_word' id='word_1_473' title='bbox 1987 1511 2057 1542; x_wconf 86' lang='lat' dir='ltr'>aut</span> <span class='ocrx_word' id='word_1_474' title='bbox 2088 1498 2316 1543; x_wconf 77' lang='lat' dir='ltr'>redditurus</span> 
     </span>
     <span class='ocr_line' id='line_1_78' title="bbox 1281 1553 2314 1611; baseline 0.002 -15"><span class='ocrx_word' id='word_1_475' title='bbox 1281 1553 1416 1597; x_wconf 88' lang='lat' dir='ltr'>aliena</span> <span class='ocrx_word' id='word_1_476' title='bbox 1448 1553 1495 1596; x_wconf 86' lang='lat' dir='ltr'>sit</span> <span class='ocrx_word' id='word_1_477' title='bbox 1522 1585 1534 1607; x_wconf 92' lang='lat'>‚</span> <span class='ocrx_word' id='word_1_478' title='bbox 1579 1565 1648 1596; x_wconf 90' lang='lat' dir='ltr'>aut</span> <span class='ocrx_word' id='word_1_479' title='bbox 1682 1569 1776 1597; x_wconf 90' lang='lat' dir='ltr'>curn</span> <span class='ocrx_word' id='word_1_480' title='bbox 1813 1554 2031 1598; x_wconf 88' lang='lat' dir='ltr'>Achillino</span> <span class='ocrx_word' id='word_1_481' title='bbox 2057 1587 2069 1609; x_wconf 90' lang='lat'>,</span> <span class='ocrx_word' id='word_1_482' title='bbox 2111 1555 2314 1611; x_wconf 85' lang='lat' dir='ltr'>Baptista,</span> 
     </span>
     <span class='ocr_line' id='line_1_79' title="bbox 1281 1610 2315 1666; baseline 0.001 -12"><span class='ocrx_word' id='word_1_483' title='bbox 1281 1611 1326 1654; x_wconf 66' lang='grc' dir='ltr'>δι</span> <span class='ocrx_word' id='word_1_484' title='bbox 1358 1610 1522 1654; x_wconf 90' lang='lat' dir='ltr'>Artalio</span> <span class='ocrx_word' id='word_1_485' title='bbox 1552 1610 1870 1654; x_wconf 84' lang='lat' dir='ltr'>debacchaturus</span> <span class='ocrx_word' id='word_1_486' title='bbox 1896 1643 1905 1654; x_wconf 89' lang='lat'>.</span> <span class='ocrx_word' id='word_1_487' title='bbox 1938 1613 2054 1656; x_wconf 90' lang='lat' dir='ltr'>Nam</span> <span class='ocrx_word' id='word_1_488' title='bbox 2088 1611 2270 1655; x_wconf 90' lang='lat' dir='ltr'>Rhedius</span> <span class='ocrx_word' id='word_1_489' title='bbox 2301 1644 2315 1666; x_wconf 91' lang='lat'>,</span> 
     </span>
     <span class='ocr_line' id='line_1_80' title="bbox 1283 1666 2319 1726; baseline 0.002 -16"><span class='ocrx_word' id='word_1_490' title='bbox 1283 1666 1451 1718; x_wconf 82' lang='lat' dir='ltr'>Filicaja</span> <span class='ocrx_word' id='word_1_491' title='bbox 1480 1699 1491 1721; x_wconf 90' lang='lat'>‚</span> <span class='ocrx_word' id='word_1_492' title='bbox 1523 1667 1694 1723; x_wconf 82' lang='lat' dir='ltr'>Magius</span> <span class='ocrx_word' id='word_1_493' title='bbox 1719 1699 1732 1722; x_wconf 88' lang='lat'>‚</span> <span class='ocrx_word' id='word_1_494' title='bbox 1775 1669 1994 1712; x_wconf 84' lang='lat' dir='ltr'>Lemenius</span> <span class='ocrx_word' id='word_1_495' title='bbox 2027 1668 2194 1712; x_wconf 88' lang='lat' dir='ltr'>scientia</span> <span class='ocrx_word' id='word_1_496' title='bbox 2214 1668 2319 1726; x_wconf 88' lang='lat' dir='ltr'>-qui-</span> 
     </span>
     <span class='ocr_line' id='line_1_81' title="bbox 1279 1724 2317 1779; baseline 0.001 -12"><span class='ocrx_word' id='word_1_497' title='bbox 1279 1725 1373 1768; x_wconf 90' lang='lat' dir='ltr'>dem</span> <span class='ocrx_word' id='word_1_498' title='bbox 1419 1724 1464 1768; x_wconf 85' lang='lat'>&amp;</span> <span class='ocrx_word' id='word_1_499' title='bbox 1505 1724 1735 1768; x_wconf 92' lang='lat' dir='ltr'>eruditione</span> <span class='ocrx_word' id='word_1_500' title='bbox 1776 1725 2044 1779; x_wconf 78' lang='lat' dir='ltr'>praessante33</span> <span class='ocrx_word' id='word_1_501' title='bbox 2088 1737 2226 1768; x_wconf 88' lang='lat' dir='ltr'>tamen</span> <span class='ocrx_word' id='word_1_502' title='bbox 2270 1737 2317 1768; x_wconf 89' lang='lat' dir='ltr'>ut</span> 
     </span>
     <span class='ocr_line' id='line_1_82' title="bbox 1282 1779 2310 1838; baseline 0.001 -15"><span class='ocrx_word' id='word_1_503' title='bbox 1282 1797 1486 1824; x_wconf 88' lang='lat' dir='ltr'>novorum</span> <span class='ocrx_word' id='word_1_504' title='bbox 1521 1779 1807 1836; x_wconf 84' lang='lat' dir='ltr'>insignioribus</span> <span class='ocrx_word' id='word_1_505' title='bbox 1841 1781 1957 1824; x_wconf 89' lang='lat' dir='ltr'>vitiis</span> <span class='ocrx_word' id='word_1_506' title='bbox 1985 1813 1998 1836; x_wconf 87' lang='lat'>,</span> <span class='ocrx_word' id='word_1_507' title='bbox 2046 1782 2102 1824; x_wconf 92' lang='lat' dir='ltr'>ita</span> <span class='ocrx_word' id='word_1_508' title='bbox 2132 1782 2176 1825; x_wconf 70' lang='grc' dir='ltr'>ἃ</span> <span class='ocrx_word' id='word_1_509' title='bbox 2210 1797 2310 1838; x_wconf 78' lang='lat' dir='ltr'>prae·</span> 
     </span>
    </p>

    <p class='ocr_par' dir='ltr' id='par_1_6' title="bbox 1279 1837 2318 3188">
     <span class='ocr_line' id='line_1_83' title="bbox 1283 1837 2169 1894; baseline -0.001 -13"><span class='ocrx_word' id='word_1_510' title='bbox 1283 1837 1415 1894; x_wconf 85' lang='lat' dir='ltr'>cipuis</span> <span class='ocrx_word' id='word_1_511' title='bbox 1450 1851 1632 1881; x_wconf 87' lang='lat' dir='ltr'>veterum</span> <span class='ocrx_word' id='word_1_512' title='bbox 1668 1837 1887 1880; x_wconf 89' lang='lat' dir='ltr'>virtutibus</span> <span class='ocrx_word' id='word_1_513' title='bbox 1929 1850 2169 1882; x_wconf 84' lang='lat' dir='ltr'>caruerunt.</span> 
     </span>
     <span class='ocr_line' id='line_1_84' title="bbox 1345 1895 2312 1939; baseline 0.002 -3"><span class='ocrx_word' id='word_1_514' title='bbox 1345 1897 1545 1938; x_wconf 79' lang='lat' dir='ltr'>Inventus</span> <span class='ocrx_word' id='word_1_515' title='bbox 1572 1909 1669 1938; x_wconf 83' lang='lat' dir='ltr'>vero</span> <span class='ocrx_word' id='word_1_516' title='bbox 1684 1896 1738 1938; x_wconf 85' lang='lat' dir='ltr'>est</span> <span class='ocrx_word' id='word_1_517' title='bbox 1755 1895 1832 1938; x_wconf 86' lang='lat' dir='ltr'>hoc</span> <span class='ocrx_word' id='word_1_518' title='bbox 1851 1911 1936 1938; x_wconf 83' lang='lat' dir='ltr'>aevo</span> <span class='ocrx_word' id='word_1_519' title='bbox 1955 1895 2190 1938; x_wconf 81' lang='lat' dir='ltr'>Alexander</span> <span class='ocrx_word' id='word_1_520' title='bbox 2202 1895 2312 1939; x_wconf 88' lang='lat' dir='ltr'>Gui-</span> 
     </span>
     <span class='ocr_line' id='line_1_85' title="bbox 1279 1951 2314 2007; baseline 0 -13"><span class='ocrx_word' id='word_1_521' title='bbox 1279 1952 1351 1994; x_wconf 86' lang='lat' dir='ltr'>dus</span> <span class='ocrx_word' id='word_1_522' title='bbox 1374 1983 1385 2004; x_wconf 91' lang='lat'>‚</span> <span class='ocrx_word' id='word_1_523' title='bbox 1419 1952 1549 1994; x_wconf 80' lang='lat' dir='ltr'>noster</span> <span class='ocrx_word' id='word_1_524' title='bbox 1580 1952 1844 1995; x_wconf 76' lang='lat' dir='ltr'>amicissimus</span> <span class='ocrx_word' id='word_1_525' title='bbox 1863 1983 1876 2005; x_wconf 87' lang='lat'>‚</span> <span class='ocrx_word' id='word_1_526' title='bbox 1907 1952 1975 2007; x_wconf 89' lang='lat' dir='ltr'>qui</span> <span class='ocrx_word' id='word_1_527' title='bbox 2010 1951 2168 2007; x_wconf 83' lang='lat' dir='ltr'>primus</span> <span class='ocrx_word' id='word_1_528' title='bbox 2198 1967 2314 1995; x_wconf 90' lang='lat' dir='ltr'>mor-</span> 
     </span>
     <span class='ocr_line' id='line_1_86' title="bbox 1281 2008 2310 2064; baseline 0 -13"><span class='ocrx_word' id='word_1_529' title='bbox 1281 2009 1426 2051; x_wconf 85' lang='lat' dir='ltr'>talium</span> <span class='ocrx_word' id='word_1_530' title='bbox 1459 2008 1604 2052; x_wconf 85' lang='lat' dir='ltr'>tollere</span> <span class='ocrx_word' id='word_1_531' title='bbox 1636 2023 1782 2052; x_wconf 89' lang='lat' dir='ltr'>contra</span> <span class='ocrx_word' id='word_1_532' title='bbox 1812 2009 1858 2052; x_wconf 85' lang='lat' dir='ltr'>fit</span> <span class='ocrx_word' id='word_1_533' title='bbox 1889 2008 2028 2052; x_wconf 88' lang='lat' dir='ltr'>oculos</span> <span class='ocrx_word' id='word_1_534' title='bbox 2052 2009 2189 2062; x_wconf 85' lang='lat' dir='ltr'>ausus;</span> <span class='ocrx_word' id='word_1_535' title='bbox 2223 2009 2310 2064; x_wconf 84' lang='lat' dir='ltr'>pri-</span> 
     </span>
     <span class='ocr_line' id='line_1_87' title="bbox 1281 2065 2312 2122; baseline 0.002 -14"><span class='ocrx_word' id='word_1_536' title='bbox 1281 2066 1449 2120; x_wconf 84' lang='lat' dir='ltr'>musque</span> <span class='ocrx_word' id='word_1_537' title='bbox 1482 2081 1684 2108; x_wconf 82' lang='lat' dir='ltr'>novorum</span> <span class='ocrx_word' id='word_1_538' title='bbox 1717 2065 1981 2109; x_wconf 85' lang='lat' dir='ltr'>insolentiam</span> <span class='ocrx_word' id='word_1_539' title='bbox 2003 2066 2175 2109; x_wconf 88' lang='lat' dir='ltr'>candore</span> <span class='ocrx_word' id='word_1_540' title='bbox 2190 2069 2312 2122; x_wconf 78' lang='lat' dir='ltr'>atque</span> 
     </span>
     <span class='ocr_line' id='line_1_88' title="bbox 1281 2122 2308 2175; baseline 0.002 -11"><span class='ocrx_word' id='word_1_541' title='bbox 1281 2124 1460 2165; x_wconf 86' lang='lat' dir='ltr'>castitate</span> <span class='ocrx_word' id='word_1_542' title='bbox 1493 2123 1638 2166; x_wconf 87' lang='lat' dir='ltr'>veteris</span> <span class='ocrx_word' id='word_1_543' title='bbox 1671 2122 1890 2166; x_wconf 87' lang='lat' dir='ltr'>locutionis</span> <span class='ocrx_word' id='word_1_544' title='bbox 1917 2154 1928 2175; x_wconf 85' lang='lat'><strong>‚</strong></span> <span class='ocrx_word' id='word_1_545' title='bbox 1971 2123 2013 2166; x_wconf 73' lang='grc' dir='ltr'>ἃ</span> <span class='ocrx_word' id='word_1_546' title='bbox 2045 2122 2308 2166; x_wconf 86' lang='lat' dir='ltr'>imitatorum</span> 
     </span>
     <span class='ocr_line' id='line_1_89' title="bbox 1282 2180 2308 2234; baseline 0.002 -13"><span class='ocrx_word' id='word_1_547' title='bbox 1282 2180 1517 2223; x_wconf 87' lang='lat' dir='ltr'>servitutem</span> <span class='ocrx_word' id='word_1_548' title='bbox 1552 2180 1761 2223; x_wconf 85' lang='lat' dir='ltr'>moderata</span> <span class='ocrx_word' id='word_1_549' title='bbox 1792 2180 1970 2224; x_wconf 88' lang='lat' dir='ltr'>elatione</span> <span class='ocrx_word' id='word_1_550' title='bbox 2003 2180 2162 2234; x_wconf 84' lang='lat' dir='ltr'>spiritus</span> <span class='ocrx_word' id='word_1_551' title='bbox 2183 2180 2308 2223; x_wconf 90' lang='lat' dir='ltr'>&amp;co-</span> 
     </span>
     <span class='ocr_line' id='line_1_90' title="bbox 1282 2237 2308 2291; baseline 0.002 -13"><span class='ocrx_word' id='word_1_552' title='bbox 1282 2237 1415 2280; x_wconf 90' lang='lat' dir='ltr'>lorum</span> <span class='ocrx_word' id='word_1_553' title='bbox 1448 2237 1632 2280; x_wconf 86' lang='lat' dir='ltr'>novitate</span> <span class='ocrx_word' id='word_1_554' title='bbox 1675 2237 1892 2280; x_wconf 88' lang='lat' dir='ltr'>declinarit</span> <span class='ocrx_word' id='word_1_555' title='bbox 1919 2269 1928 2278; x_wconf 93' lang='lat'>.</span> <span class='ocrx_word' id='word_1_556' title='bbox 1972 2238 2082 2280; x_wconf 88' lang='lat' dir='ltr'>Eum</span> <span class='ocrx_word' id='word_1_557' title='bbox 2115 2251 2308 2291; x_wconf 79' lang='lat' dir='ltr'>excepere</span> 
     </span>
     <span class='ocr_line' id='line_1_91' title="bbox 1282 2293 2312 2350; baseline -0.002 -14"><span class='ocrx_word' id='word_1_558' title='bbox 1282 2294 1379 2336; x_wconf 83' lang='lat' dir='ltr'>novi</span> <span class='ocrx_word' id='word_1_559' title='bbox 1425 2308 1556 2337; x_wconf 82' lang='lat' dir='ltr'>coetus</span> <span class='ocrx_word' id='word_1_560' title='bbox 1594 2295 1778 2349; x_wconf 55' lang='lat' dir='ltr'>ffxrcades</span> <span class='ocrx_word' id='word_1_561' title='bbox 1807 2326 1819 2348; x_wconf 88' lang='lat'>‚</span> <span class='ocrx_word' id='word_1_562' title='bbox 1863 2294 1932 2350; x_wconf 92' lang='lat' dir='ltr'>qui</span> <span class='ocrx_word' id='word_1_563' title='bbox 1972 2293 2017 2336; x_wconf 64' lang='grc' dir='ltr'>ὃς</span> <span class='ocrx_word' id='word_1_564' title='bbox 2058 2293 2129 2346; x_wconf 81' lang='lat' dir='ltr'>ipsi</span> <span class='ocrx_word' id='word_1_565' title='bbox 2164 2293 2312 2335; x_wconf 81' lang='lat' dir='ltr'>Latina</span> 
     </span>
     <span class='ocr_line' id='line_1_92' title="bbox 1282 2351 2311 2407; baseline -0.001 -14"><span class='ocrx_word' id='word_1_566' title='bbox 1282 2351 1609 2407; x_wconf 71' lang='lat' dir='ltr'>Vernaculaque‘</span> <span class='ocrx_word' id='word_1_567' title='bbox 1651 2351 1790 2405; x_wconf 85' lang='lat' dir='ltr'>lingua</span> <span class='ocrx_word' id='word_1_568' title='bbox 1836 2351 2024 2405; x_wconf 86' lang='lat' dir='ltr'>Lyricam</span> <span class='ocrx_word' id='word_1_569' title='bbox 2067 2351 2311 2392; x_wconf 79' lang='lat' dir='ltr'>Graecorum</span> 
     </span>
     <span class='ocr_line' id='line_1_93' title="bbox 1281 2405 2311 2463; baseline -0.002 -12"><span class='ocrx_word' id='word_1_570' title='bbox 1281 2409 1387 2452; x_wconf 89' lang='lat' dir='ltr'>inter</span> <span class='ocrx_word' id='word_1_571' title='bbox 1413 2424 1485 2451; x_wconf 85' lang='lat' dir='ltr'>nos</span> <span class='ocrx_word' id='word_1_572' title='bbox 1513 2441 1524 2461; x_wconf 89' lang='lat'>‚</span> <span class='ocrx_word' id='word_1_573' title='bbox 1558 2408 1880 2463; x_wconf 85' lang='lat' dir='ltr'>Latinorumque</span> <span class='ocrx_word' id='word_1_574' title='bbox 1913 2405 2064 2450; x_wconf 66' lang='lat' dir='ltr'>poesim</span> <span class='ocrx_word' id='word_1_575' title='bbox 2098 2421 2210 2448; x_wconf 90' lang='lat' dir='ltr'>novo</span> <span class='ocrx_word' id='word_1_576' title='bbox 2234 2406 2311 2460; x_wconf 88' lang='lat' dir='ltr'>spi-</span> 
     </span>
     <span class='ocr_line' id='line_1_94' title="bbox 1283 2462 2310 2520; baseline -0.004 -12"><span class='ocrx_word' id='word_1_577' title='bbox 1283 2466 1361 2509; x_wconf 89' lang='lat' dir='ltr'>ritu</span> <span class='ocrx_word' id='word_1_578' title='bbox 1386 2465 1589 2518; x_wconf 76' lang='lat' dir='ltr'>fundunt3</span> <span class='ocrx_word' id='word_1_579' title='bbox 1620 2481 1721 2520; x_wconf 80' lang='lat' dir='ltr'>quos</span> <span class='ocrx_word' id='word_1_580' title='bbox 1744 2466 1849 2508; x_wconf 84' lang='lat' dir='ltr'>inter</span> <span class='ocrx_word' id='word_1_581' title='bbox 1877 2463 1934 2516; x_wconf 83' lang='lat' dir='ltr'>ii,</span> <span class='ocrx_word' id='word_1_582' title='bbox 1964 2478 2066 2519; x_wconf 90' lang='lat' dir='ltr'>quos</span> <span class='ocrx_word' id='word_1_583' title='bbox 2091 2478 2165 2505; x_wconf 87' lang='lat' dir='ltr'>nos</span> <span class='ocrx_word' id='word_1_584' title='bbox 2184 2462 2310 2514; x_wconf 89' lang='lat' dir='ltr'>Juris-</span> 
     </span>
     <span class='ocr_line' id='line_1_95' title="bbox 1282 2519 2310 2580; baseline -0.004 -15"><span class='ocrx_word' id='word_1_585' title='bbox 1282 2521 1493 2580; x_wconf 90' lang='lat' dir='ltr'>prudentia</span> <span class='ocrx_word' id='word_1_586' title='bbox 1518 2522 1771 2578; x_wconf 85' lang='lat' dir='ltr'>potissimum</span> <span class='ocrx_word' id='word_1_587' title='bbox 1799 2553 1812 2575; x_wconf 87' lang='lat'>,</span> <span class='ocrx_word' id='word_1_588' title='bbox 1837 2521 1879 2564; x_wconf 71' lang='grc' dir='ltr'>ἃ</span> <span class='ocrx_word' id='word_1_589' title='bbox 1898 2520 1941 2563; x_wconf 89' lang='lat' dir='ltr'>in</span> <span class='ocrx_word' id='word_1_590' title='bbox 1967 2519 2213 2562; x_wconf 86' lang='lat' dir='ltr'>solemnibus</span> <span class='ocrx_word' id='word_1_591' title='bbox 2240 2536 2310 2562; x_wconf 86' lang='lat' dir='ltr'>va-</span> 
     </span>
     <span class='ocr_line' id='line_1_96' title="bbox 1281 2576 2311 2634; baseline -0.004 -11"><span class='ocrx_word' id='word_1_592' title='bbox 1281 2580 1511 2624; x_wconf 88' lang='lat' dir='ltr'>cationibus</span> <span class='ocrx_word' id='word_1_593' title='bbox 1524 2579 1774 2634; x_wconf 86' lang='lat' dir='ltr'>Eloquentia</span> <span class='ocrx_word' id='word_1_594' title='bbox 1793 2577 2035 2622; x_wconf 79' lang='lat' dir='ltr'>excolendos</span> <span class='ocrx_word' id='word_1_595' title='bbox 2051 2576 2311 2631; x_wconf 71' lang='lat' dir='ltr'>suscepimus3</span> 
     </span>
     <span class='ocr_line' id='line_1_97' title="bbox 1280 2633 2309 2692; baseline -0.004 -12"><span class='ocrx_word' id='word_1_596' title='bbox 1280 2638 1321 2680; x_wconf 73' lang='lat'>8&lt;</span> <span class='ocrx_word' id='word_1_597' title='bbox 1347 2649 1546 2692; x_wconf 84' lang='lat' dir='ltr'>quotquot</span> <span class='ocrx_word' id='word_1_598' title='bbox 1569 2636 1743 2688; x_wconf 83' lang='lat' dir='ltr'>denique</span> <span class='ocrx_word' id='word_1_599' title='bbox 1771 2635 1920 2677; x_wconf 69' lang='lat' dir='ltr'>resPtam</span> <span class='ocrx_word' id='word_1_600' title='bbox 1948 2633 2273 2689; x_wconf 83' lang='lat' dir='ltr'>intelligentiam</span> <span class='ocrx_word' id='word_1_601' title='bbox 2295 2665 2309 2687; x_wconf 89' lang='lat'>,</span> 
     </span>
     <span class='ocr_line' id='line_1_98' title="bbox 1283 2690 2310 2748; baseline -0.002 -12"><span class='ocrx_word' id='word_1_602' title='bbox 1283 2694 1514 2748; x_wconf 58' lang='lat' dir='ltr'>reffiumque</span> <span class='ocrx_word' id='word_1_603' title='bbox 1530 2693 1644 2735; x_wconf 87' lang='lat' dir='ltr'>usum</span> <span class='ocrx_word' id='word_1_604' title='bbox 1659 2691 1842 2733; x_wconf 79' lang='lat' dir='ltr'>Poaeticae</span> <span class='ocrx_word' id='word_1_605' title='bbox 1856 2691 1998 2733; x_wconf 68' lang='lat' dir='ltr'>nostrae</span> <span class='ocrx_word' id='word_1_606' title='bbox 2017 2691 2202 2733; x_wconf 83' lang='lat' dir='ltr'>Rationis</span> <span class='ocrx_word' id='word_1_607' title='bbox 2215 2690 2310 2734; x_wconf 84' lang='lat' dir='ltr'>asse-</span> 
     </span>
     <span class='ocr_line' id='line_1_99' title="bbox 1281 2747 2312 2805; baseline -0.004 -12"><span class='ocrx_word' id='word_1_608' title='bbox 1281 2764 1461 2805; x_wconf 85' lang='lat' dir='ltr'>quuntur</span> <span class='ocrx_word' id='word_1_609' title='bbox 1481 2766 1490 2790; x_wconf 76' lang='grc' dir='ltr'><strong><em>ε</em></strong></span> <span class='ocrx_word' id='word_1_610' title='bbox 1511 2751 1647 2804; x_wconf 74' lang='lat' dir='ltr'>Quam</span> <span class='ocrx_word' id='word_1_611' title='bbox 1665 2749 1868 2791; x_wconf 78' lang='lat' dir='ltr'>Poeticam</span> <span class='ocrx_word' id='word_1_612' title='bbox 1887 2748 2110 2791; x_wconf 80' lang='lat' dir='ltr'>Rationem</span> <span class='ocrx_word' id='word_1_613' title='bbox 2130 2762 2213 2790; x_wconf 87' lang='lat' dir='ltr'>non</span> <span class='ocrx_word' id='word_1_614' title='bbox 2227 2747 2312 2789; x_wconf 77' lang='lat' dir='ltr'>rni-</span> 
     </span>
     <span class='ocr_line' id='line_1_100' title="bbox 1283 2804 2311 2857; baseline -0.002 -9"><span class='ocrx_word' id='word_1_615' title='bbox 1283 2822 1355 2849; x_wconf 89' lang='lat' dir='ltr'>nus</span> <span class='ocrx_word' id='word_1_616' title='bbox 1390 2806 1435 2849; x_wconf 89' lang='lat' dir='ltr'>ad</span> <span class='ocrx_word' id='word_1_617' title='bbox 1464 2806 1592 2848; x_wconf 74' lang='lat' dir='ltr'>males</span> <span class='ocrx_word' id='word_1_618' title='bbox 1622 2806 1759 2848; x_wconf 85' lang='lat' dir='ltr'>Poetas</span> <span class='ocrx_word' id='word_1_619' title='bbox 1795 2805 2049 2848; x_wconf 79' lang='lat' dir='ltr'>amolientlos</span> <span class='ocrx_word' id='word_1_620' title='bbox 2086 2804 2311 2857; x_wconf 78' lang='lat' dir='ltr'>edidimus3</span> 
     </span>
     <span class='ocr_line' id='line_1_101' title="bbox 1280 2862 2312 2919; baseline -0.004 -13"><span class='ocrx_word' id='word_1_621' title='bbox 1280 2879 1402 2919; x_wconf 88' lang='lat' dir='ltr'>quam</span> <span class='ocrx_word' id='word_1_622' title='bbox 1435 2863 1481 2905; x_wconf 89' lang='lat' dir='ltr'>ad</span> <span class='ocrx_word' id='word_1_623' title='bbox 1513 2863 1779 2906; x_wconf 76' lang='lat' dir='ltr'>dissolvendos</span> <span class='ocrx_word' id='word_1_624' title='bbox 1826 2863 2087 2917; x_wconf 85' lang='lat' dir='ltr'>ingeniorum</span> <span class='ocrx_word' id='word_1_625' title='bbox 2119 2862 2312 2916; x_wconf 81' lang='lat' dir='ltr'>laqueos,</span> 
     </span>
     <span class='ocr_line' id='line_1_102' title="bbox 1283 2917 2312 2975; baseline -0.003 -12"><span class='ocrx_word' id='word_1_626' title='bbox 1283 2937 1304 2963; x_wconf 90' lang='lat' dir='ltr'>a</span> <span class='ocrx_word' id='word_1_627' title='bbox 1351 2919 1582 2975; x_wconf 72' lang='lat' dir='ltr'>vulgaribus</span> <span class='ocrx_word' id='word_1_628' title='bbox 1627 2919 1832 2974; x_wconf 80' lang='lat' dir='ltr'>praeceptis</span> <span class='ocrx_word' id='word_1_629' title='bbox 1863 2951 1876 2971; x_wconf 77' lang='lat'><em>‚</em></span> <span class='ocrx_word' id='word_1_630' title='bbox 1929 2918 2109 2973; x_wconf 83' lang='lat' dir='ltr'>falsisque</span> <span class='ocrx_word' id='word_1_631' title='bbox 2153 2917 2312 2967; x_wconf 76' lang='lat' dir='ltr'>judiciis</span> 
     </span>
     <span class='ocr_line' id='line_1_103' title="bbox 1283 2974 2311 3032; baseline -0.003 -12"><span class='ocrx_word' id='word_1_632' title='bbox 1283 2990 1499 3020; x_wconf 82' lang='lat' dir='ltr'>contextos</span> <span class='ocrx_word' id='word_1_633' title='bbox 1523 3009 1531 3018; x_wconf 92' lang='lat'><strong><em>.</em></strong></span> <span class='ocrx_word' id='word_1_634' title='bbox 1583 2978 1656 3021; x_wconf 88' lang='lat' dir='ltr'>Sed</span> <span class='ocrx_word' id='word_1_635' title='bbox 1688 2976 1885 3032; x_wconf 90' lang='lat' dir='ltr'>quoniam</span> <span class='ocrx_word' id='word_1_636' title='bbox 1919 2975 1999 3018; x_wconf 87' lang='lat' dir='ltr'>illis</span> <span class='ocrx_word' id='word_1_637' title='bbox 2030 2975 2072 3017; x_wconf 91' lang='lat' dir='ltr'>in</span> <span class='ocrx_word' id='word_1_638' title='bbox 2105 2974 2216 3016; x_wconf 87' lang='lat' dir='ltr'>libris</span> <span class='ocrx_word' id='word_1_639' title='bbox 2249 2974 2311 3017; x_wconf 90' lang='lat' dir='ltr'>ni-</span> 
     </span>
     <span class='ocr_line' id='line_1_104' title="bbox 1282 3031 2313 3088; baseline -0.003 -13"><span class='ocrx_word' id='word_1_640' title='bbox 1282 3033 1414 3076; x_wconf 89' lang='lat' dir='ltr'>mium</span> <span class='ocrx_word' id='word_1_641' title='bbox 1450 3034 1582 3077; x_wconf 88' lang='lat' dir='ltr'>verbis</span> <span class='ocrx_word' id='word_1_642' title='bbox 1630 3035 1920 3088; x_wconf 63' lang='lat' dir='ltr'>pepercimus,</span> <span class='ocrx_word' id='word_1_643' title='bbox 1964 3031 2180 3086; x_wconf 81' lang='lat' dir='ltr'>minusque</span> <span class='ocrx_word' id='word_1_644' title='bbox 2212 3046 2313 3073; x_wconf 88' lang='lat' dir='ltr'>con-</span> 
     </span>
     <span class='ocr_line' id='line_1_105' title="bbox 1284 3087 2311 3144; baseline -0.003 -12"><span class='ocrx_word' id='word_1_645' title='bbox 1284 3089 1476 3137; x_wconf 88' lang='lat' dir='ltr'>suluimus</span> <span class='ocrx_word' id='word_1_646' title='bbox 1528 3090 1870 3138; x_wconf 72' lang='lat' dir='ltr'>imbecillioribus</span> <span class='ocrx_word' id='word_1_647' title='bbox 1904 3120 1917 3143; x_wconf 89' lang='lat'>‚</span> <span class='ocrx_word' id='word_1_648' title='bbox 1957 3088 2115 3144; x_wconf 75' lang='lat' dir='ltr'>,quibus</span> <span class='ocrx_word' id='word_1_649' title='bbox 2156 3087 2311 3130; x_wconf 67' lang='lat' dir='ltr'>insidia·</span> 
     </span>
     <span class='ocr_line' id='line_1_106' title="bbox 2230 3158 2318 3188; baseline -0.034 0"><span class='ocrx_word' id='word_1_650' title='bbox 2230 3158 2318 3188; x_wconf 77' lang='lat' dir='ltr'>ten·</span> 
     </span>
    </p>
   </div>
  </div>
 </body>
</html>
