2451 3470
138 112 249 166 206
636 89 1194 157 INSTIT'U

195 180 452 228 Duodecimn
484 192 579 224 aetas
609 179 674 223 vel
707 178 955 225 immatura,
987 171 1053 214 vel
1085 186 1214 274 con-f

135 243 240 287 fefia
271 239 467 284 Tutoris:
503 238 564 281 vel
599 236 624 280 fi
659 233 991 294 septuagesimum
1024 244 1181 272 annum

1232 95 1774 152 TIONES.·

1291 172 1349 213 At
1398 171 1423 213 fi
1455 172 1621 228 quidem
1653 174 1792 216 Tutor
1823 188 1908 218 non
1939 174 1992 219 ob
2024 174 2188 233 culpam
2223 176 2282 221 Ie-

1234 243 1350 280 vem,
1386 227 1428 270 &
1461 228 1708 273 mediocrem
1745 231 2037 286 negligentiam
2072 250 2281 278 removea-

135 298 342 344 excesserit
367 329 379 351 ‚
424 296 488 341 vel
521 296 568 339 ad
601 292 841 350 vigesimum
872 298 1064 345 quintum
1098 301 1182 329 non
1204 278 1210 317 ἶ
1232 297 1327 336 tur,
1362 285 1420 328 sed
1452 302 1501 330 ex
1533 286 1628 329 dolo
1660 287 1841 342 &culpa
1865 289 1970 343 lata,
2002 291 2184 334 incurret
2217 291 2280 334 iu·

134 355 391 414 pervenerit.
660 407 666 414 .
693 407 699 413 .
728 405 735 412 .

195 412 493 458 Decimatertia
525 410 578 453 est
611 406 794 450 mllltla.
1057 458 1063 465 ἱ

193 472 515 525 Decimaquarta
547 465 600 508 est
634 463 792 519 publica
826 457 1183 522 profeffiolibera-

140 530 246 574 lium
279 528 430 572 artium
461 558 468 567 .
517 525 554 567 E
585 523 729 577 quibus
763 518 1065 580 Jurispudentia
1097 530 1182 557 non

137 582 281 631 tr‘ibuit
311 582 613 629 excusationem
636 611 648 633 ‚
683 577 757 620 nisi
788 591 882 620 cum
917 588 1005 629 quis
1037 575 1183 636 Romae

138 645 306 688 doceat:
341 639 525 696 alioquin
558 653 682 680 nemo
699 635 786 689 plus
802 633 978 695 proderit
995 629 1182 685 Pupuhs,

136 717 261 758 quarn
305 694 619 751 Jurisconsultus
662 693 704 736 &
747 690 984 734 Causidicus
1015 689 1178 730 Tutor:

136 759 307 812 ideoque
351 770 434 797 non
467 751 678 796 excusatur
713 781 721 791 .
775 749 858 803 Qni
895 748 1027 802 plures
1059 745 1181 808 babet

132 815 442 858 excusationum
475 809 635 862 causas,
667 807 709 851 &
740 806 791 848 ab
822 804 957 859 aliqua
986 802 1105 867 suerit
1121 817 1179 844 re·

131 871 282 925 je&us‚
317 868 465 925 poterit
495 866 590 910 aliis
618 865 710 915 uti,
743 876 862 924 atque
877 860 1181 923 excusationem

137 930 308 985 probare
343 928 448 969 intra
481 921 783 978 quinquaginta
814 920 896 962 dies
929 930 1148 961 continuos
1169 948 1182 968 ,

139 987 183 1036 in
235 984 381 1040 quibus
430 983 579 1026 scilicet
621 980 665 1023 δι
697 978 804 1022 feriae
837 987 1106 1039 numerantur
1138 964 1207 1016 &l

132 1043 215 1087 alia
249 1041 543 1094 impedimenta
564 1071 575 1088 ,
611 1037 636 1081 s1
668 1037 715 1080 ad
748 1047 914 1080 centum
949 1032 1082 1096 millia
1098 1031 1181 1092 pas-

135 1101 251 1149 suum
284 1101 422 1142 Tutor
455 1097 553 1139 absit
585 1112 606 1138 a
641 1095 731 1138 loco
763 1093 831 1136 ubi
865 1092 918 1135 est
951 1097 1092 1133 datus.
1136 1144 1145 1152 ⁸
1204 1143 1207 1146 Α

193 1158 233 1201 Si
276 1172 372 1200 vero
414 1154 510 1197 abfit
559 1153 664 1196 ultra
692 1184 705 1204 ,
750 1165 841 1194 tum
885 1149 967 1191 dies
997 1162 1104 1191 unus
1135 1147 1208 1220 mi

133 1215 282 1259 vicena
324 1211 460 1256 millia
504 1211 681 1266 passuum
716 1206 976 1257 conceditur,
1009 1205 1052 1248 ὃ(
1085 1218 1207 1278 prae-3

134 1286 196 1318 ter
225 1272 308 1316 dies
340 1268 500 1314 itineris
529 1268 600 1311 alii
633 1267 804 1323 triginta
832 1297 844 1319 ‚
876 1265 979 1307 itaut
1010 1277 1176 1311 compu-
1202 1280 1207 1309 ς

132 1329 229 1375 tatis
259 1327 432 1385 triginta
463 1326 525 1369 his
557 1340 650 1368 cum
684 1325 822 1367 diebus
855 1319 1011 1365 itineris
1045 1352 1057 1374 ,
1090 1317 1207 1382 Tm?

135 1400 203 1431 tor
246 1401 330 1430 non
375 1385 522 1427 habeat
553 1381 761 1439 pauciores
792 1379 875 1428 dies
905 1392 1028 1436 quam
1059 1375 1207 1446 quin-j

133 1444 356 1501 quaginta.
390 1440 610 1485 Excusatio
647 1455 741 1483 vero
774 1435 973 1493 proposita
1004 1436 1206 1490 proban-5

137 1504 186 1546 da
216 1502 273 1545 est
307 1501 411 1544 intra
445 1498 607 1541 Menses
638 1509 810 1553 quatuor
841 1493 1082 1538 continuos.
1199 1492 1206 1529 l

188 1559 415 1602 Curatores
459 1556 530 1598 has
573 1554 850 1598 excusationes
898 1551 1050 1593 habent
1083 1564 1181 1600 prae-

133 1616 274 1663 cipuas
301 1631 312 1669 3
356 1613 462 1670 quod
496 1612 519 1655 fi
553 1611 751 1655 Tutelam
775 1608 1003 1674 gesserint,
1035 1607 1181 1672 possint

1201 1607 1206 1615 ι

1202 1618 1205 1627 A

134 1666 288 1728 Pupilli
347 1671 402 1714 sui
451 1669 609 1725 puberis
659 1679 917 1727 curationem
969 1673 1148 1727 recusare
1170 1690 1207 1730 ,Ξ

133 1733 244 1777 Item
279 1730 455 1772 Maritus
488 1727 674 1782 quamvis
707 1727 751 1769 sit
788 1723 994 1767 Dominus
1027 1737 1080 1764 rei
1111 1722 1207 1763 ἀο-λ

133 1788 226 1831 talis
260 1786 466 1830 constante
497 1782 780 1828 Matrimonio
808 1797 819 1834 3
870 1794 1009 1824 tamen
1043 1794 1207 1834 rerumj

1233 341 1401 406 famiam
1429 358 1442 396 3
1486 358 1610 407 quam
1641 344 1806 399 effugiet
1839 345 1867 388 si
1898 348 2048 394 Praetor
2081 348 2278 391 remotio-

1203 415 1295 465 {¹¹¹⁵
1317 400 1485 443 'causam
1519 415 1563 443 m
1599 401 1772 447 Decreto
1805 417 1889 446 non
1923 403 2163 448 inseruerit.

1291 459 1341 499 In
1376 456 1513 505 locum
1545 473 1685 502 aurem
1718 460 1892 503 Tutoris
1922 461 2069 504 remoti
2095 494 2108 515 ‚
2152 460 2281 511 donec

1235 513 1396 568 suspecti
1431 515 1617 570 cognitio
1645 516 1761 558 duret
1789 548 1801 569 ‚
1854 517 2006 563 interea
2041 517 2279 562 substituen-

1229 571 1300 614 dus
1331 571 1384 614 est
1415 571 1521 614 alius
1547 604 1559 627 ,
1591 572 1663 628 qui
1696 572 2114 622 Tutelam'absoluto
2144 576 2281 620 Tuto-

1232 629 1263 672 ri
1298 628 1499 673 restituet.
2217 674 2221 676 .

1250 742 1256 749 Ι
1287 687 1396 740 Quia
1450 701 1545 729 vero
1590 686 1754 742 Pupillo
1795 704 1845 732 ex
1879 687 2054 745 propriis
2087 687 2207 733 bonis
2236 704 2282 732 a·

1232 741 1404 786 limenta
1447 759 1589 798 capere
1634 760 1718 787 non
1771 745 1910 797 licet3
1956 746 2044 789 ideo
2074 746 2110 789 ei
2145 746 2282 790 decer-

1231 814 1386 844 nuntur
1427 817 1449 844 a
1503 802 1672 847 Praetore
1702 835 1713 855 ‚
1757 803 1942 857 presente
1986 805 2149 849 Tutore
2176 834 2189 856 ,
2234 818 2281 846 ac

1230 857 1442 902 facultates
1484 859 1634 914 Pupilli
1670 861 1885 913 profitente
1921 893 1930 903 .
1982 863 2046 904 Ac
2081 860 2104 902 si
2136 861 2279 904 Tutor

1229 915 1478 971 copiam-sui
1512 932 1595 959 non
1630 916 1752 960 faciat
1780 950 1792 971 ‚
1835 919 2134 962 alimentorum
2165 917 2280 961 causa

1230 974 1414 1017 mittitur
1459 974 1640 1028 Pupillus
1683 978 1724 1016 in
1771 976 2046 1030 possessionem
2074 975 2278 1019 bonorum

1228 1032 1401 1074 Tutoris
1427 1063 1439 1085 ,
1484 1031 1611 1074 veluti
1646 1032 1853 1076 Debitoris
1885 1030 2088 1075 latitantis
2109 1063 2119 1075 .
2152 1034 2218 1075 Ac
2249 1030 2276 1074 si

1231 1089 1446 1145 nequidem
1496 1090 1634 1131 Tutor
1677 1089 1752 1132 hac
1785 1088 1942 1134 ratione
1973 1087 2099 1133 adesse
2131 1087 2234 1133 velit
2263 1118 2277 1142 2

1230 1159 1272 1188 ut
1307 1146 1500 1201 suspeS'tus
1533 1147 1841 1189 removebitur.

1288 1205 1328 1245 Si
1374 1217 1483 1245 tutor
1532 1203 1653 1247 fuerit
1685 1203 1860 1247 mendax
1889 1235 1902 1257 ‚
1950 1202 1995 1247 &
2025 1202 2124 1246 falso
2156 1212 2277 1256 neget

1230 1261 1336 1304 bona
1379 1259 1529 1314 Pupilli
1579 1261 1627 1304 ad
1659 1261 1859 1304 alimenta
1892 1260 2106 1314 sufficere3
2149 1260 2214 1303 vel
2249 1259 2275 1302 si

1232 1319 1423 1373 probetur
1470 1319 1562 1361 data
1597 1319 1766 1370 pecunia
1794 1318 1996 1362 Tutelam
2036 1316 2105 1360 sibi
2134 1316 2277 1360 deferri

1231 1376 1379 1419 curasse
1404 1407 1416 1429 ,
1462 1389 1532 1417 aut
1568 1375 1716 1432 Popilli
1752 1376 1858 1419 bona
1889 1375 1983 1419 dolo
2015 1373 2241 1418 destruxisse
2266 1405 2280 1428 ‚

1229 1433 1405 1476 aliamve
1438 1430 1620 1477 fraudem
1641 1433 1915 1488 comparasse,
1948 1448 2031 1475 non
2048 1432 2170 1476 modo
2185 1445 2282 1474 cum

1230 1490 1402 1538 infamia
1434 1492 1513 1534 erit
1547 1493 1842 1544 removendus,
1877 1491 1938 1534 sed
1963 1489 2090 1534 etiam
2115 1488 2281 1546 gravius

1230 1564 1251 1591 a
1283 1548 1531 1604 Magistratu
1565 1548 1821 1604 puniendus.
1853 1549 1945 1591 Nec
1979 1548 2156 1603 proderit
2187 1547 2281 1601 Tu-

1232 1606 1336 1659 tori,
1368 1604 1436 1662 qui
1472 1605 1669 1655 Tutelam
1702 1604 1980 1653 fraudulenter
1994 1603 2280 1656 administrat,

1233 1663 1322 1706 satis
1352 1663 1525 1717 offerre,
1557 1664 1598 1706 St
1637 1664 1796 1719 Pupillo
1829 1677 1970 1706 cavere
1997 1693 2007 1705 .
2040 1663 2095 1705 Et
2125 1676 2147 1704 e
2180 1675 2282 1704 con-

1232 1720 1355 1762 trario
1387 1720 1576 1777 quamvis
1606 1721 1743 1763 Tutor
1777 1720 1822 1763 sit
1856 1735 2006 1774 pauper
2032 1751 2044 1772 ‚
2077 1731 2217 1761 tamen
2253 1716 2279 1760 si

1233 1778 1432 1831 probitate
1478 1778 1540 1820 sua
1574 1777 1840 1831 suspicionem
1877 1775 2024 1818 fraudis
2055 1775 2243 1818 excludat
2269 1805 2282 1829 ,

134 1845 450 1888 extradotalium
487 1842 639 1892 Uxoris
673 1840 847 1884 minoris
880 1837 1083 1894 25.annis
1097 1840 1207 1885 nonl
1235 1836 1407 1883 Praetore
1441 1835 1689 1893 adprobante
1721 1833 1921 1878 Tutelam
1940 1833 2164 1878 retinebit.

136 1902 265 1958 potest
296 1900 368 1944 esse
402 1901 582 1947 Curator
595 1930 605 1949 ,

192 1961 233 2003 Si
264 1958 373 2023 ’quis
416 1956 557 1999 falsam
599 1952 874 1999 excusationis
903 1952 1081 2000 Causam
1115 1951 2239 2009 ad-1Qfflsssfflffgs’ygsmsffivfflsffi4

131 2016 321 2068 duxerit,
353 2014 540 2071 quamvis
572 2029 617 2057 ea
652 2014 693 2055 in
727 2011 886 2064 Judicio
911 2024 1070 2064 recepta
1097 1999 1209 2057 fue-Al

136 2074 189 2116 rit
216 2106 227 2127 ‚
260 2075 484 2116 Decretum
518 2083 657 2114 tamen
689 2070 743 2112 est
775 2067 968 2122 nullutn3
1001 2082 1075 2112 nec
1091 2070 1182 2112 Tu-

135 2143 199 2175 tor
229 2131 279 2175 ab
311 2129 497 2182 injuneto
527 2143 649 2172 onere
683 2126 874 2178 liberatur
893 2156 903 2175 .,

366 2245 411 2287 Τ
443 2246 461 2287 1
495 2245 538 2286 Τ
568 2244 607 2286 U
646 2244 679 2286 L
709 2241 753 2282 U
786 2241 813 2284 S
870 2241 951 2293 XI.

384 2359 451 2403 De
477 2357 668 2414 suspeffis
696 2355 940 2405 Tutoribus‚

264 2474 420 2516 Utores
469 2471 659 2516 omnium
693 2485 886 2525 generum
921 2501 933 2523 ‚
975 2468 1018 2513 δε
1049 2471 1182 2515 Cura·

283 2543 386 2574 tores
417 2544 580 2586 propter
612 2530 763 2573 fraudis
779 2527 1043 2581 suspicionem
1073 2545 1094 2571 a
1114 2530 1183 2581 Ju-

138 2587 226 2630 dice
260 2601 524 2631 removentur
555 2619 568 2641 ,
598 2588 641 2631 &
673 2603 694 2629 a
728 2586 915 2638 Quolibet
945 2585 992 2628 de
1029 2586 1183 2642 Populo

139 2645 402 2698 accusantur,
437 2645 521 2688 imo
552 2645 676 2687 etiarn
700 2643 1007 2696 aMulieribus,
1040 2660 1181 2699 quam·

140 2701 202 2744 vis
233 2703 472 2749 extraneis:
519 2717 593 2744 nec
627 2701 753 2756 aliqui
786 2701 835 2742 ab
868 2700 942 2743 hac
963 2700 1182 2746 accusatio-

138 2772 191 2801 ne
225 2772 488 2806 removentur
521 2791 533 2812 ,
565 2758 637 2801 nisi
671 2770 833 2813 propter
863 2756 1020 2806 consilii
1055 2757 1183 2801 imbe-

135 2815 355 2868 cillitatem
389 2816 621 2871 impuberes
649 2847 661 2868 ‚
705 2814 772 2870 qui
805 2813 987 2863 fraudem
1019 2812 1208 2874 odorari}

136 2888 223 2916 non
258 2873 451 2929 possunt,
485 2872 556 2915 nisi
590 2874 837 2921 Curatorem
870 2871 1058 2920 accusent
1093 2888 1182 2927 pro-

141 2931 276 2986 prium
311 2946 359 2973 ex
393 2930 562 2973 consilio
594 2929 1036 2985 Consanguineorum.
1078 2977 1081 2981 .

194 2988 404 3042 SuspeE'tus
436 3002 572 3031 autem
609 2989 699 3043 quis
731 2987 912 3043 arguitur
945 3003 1027 3030 non
1051 2986 1207 3030 solumz

137 3045 191 3087 ob
225 3045 438 3100 egestatem
469 3076 481 3098 ,
526 3045 585 3089 sed
618 3059 780 3102 propter
811 3060 944 3088 mores
975 3045 1018 3090 δε
1047 3045 1179 3089 avari·

134 3103 237 3147 tiam
268 3102 311 3147 &
344 3102 525 3147 fraudem
546 3135 556 3146 .

1203 2693 1210 2808 l
1235 2701 1329 2804 R

1233 2052 2283 2124 INSTITUTtONUM

1301 2184 1605 2229 LIBER
1664 2183 2234 2249 SECUNDUS.-

1436 2420 1479 2462 T
1523 2420 1543 2462 1
1587 2421 1631 2462 T
1673 2420 1717 2462 U
1761 2420 1795 2462 L
1837 2419 1882 2465 U
1919 2418 1947 2465 S
2049 2417 2083 2459 Ι.

1317 2535 1385 2579 De
1413 2535 1565 2578 Rerum
1595 2532 1788 2585 divisione
1818 2563 1830 2585 ‚
1863 2529 1922 2573 (Ὺ
1948 2530 2192 2587 adquirendo

1577 2606 1709 2646 earum
1738 2590 1911 2635 dominio
1924 2619 1932 2628 .

1350 2705 1416 2749 ES
1446 2717 1515 2749 aut
1546 2719 1788 2750 communes
1822 2703 1911 2745 sunt
1936 2735 1949 2756 ‚
1981 2714 2049 2746 aut
2082 2701 2279 2759 publicae,

1365 2775 1436 2810 aut
1469 2762 1785 2818 Univerfitatis‚
1817 2774 1887 2804 aut
1904 2760 2085 2809 nullius,
2117 2775 2187 2804 aut
2202 2759 2277 2802 fin-

1229 2817 1448 2875 gulorum.
1515 2843 1520 2848 ·
2185 2817 2189 2819 ’

1234 2878 1240 2881 “
1285 2876 1544 2920 Communia
1599 2877 1689 2921 sunt
1749 2893 1832 2929 ea,
1886 2891 1972 2931 quae
2023 2874 2076 2917 ob
2135 2889 2278 2917 eorum

1230 2932 1551 2978 immensitatem
1610 2933 1905 2991 comprehendi
1965 2932 2149 2977 universa
2211 2947 2282 2974 ne-

1228 3005 1383 3046 queunt
1411 3025 1423 3046 ,
1474 2993 1533 3035 sed
1575 3006 1743 3040 tanturn
1792 2989 2096 3048 particulariter
2137 3006 2158 3032 a
2202 2988 2281 3030 sin-

1229 3048 1334 3103 gulis
1389 3063 1640 3105 occupantur
1678 3082 1690 3103 ,
1750 3048 1898 3104 Qualis
1929 3048 1983 3090 est
2037 3050 2159 3097 Aer,
2220 3048 2281 3088 A-

1229 3121 1307 3162 qua
1363 3109 1565 3165 profluens
1592 3140 1605 3164 ,
1637 3107 1715 3152 sive
1770 3108 1818 3151 de
1864 3104 2003 3162 pluvia
2033 3135 2045 3159 ‚
2098 3102 2280 3202 fivemde

2237 3176 2280 3202 u-
