2451 3470
124 117 233 183 164
754 107 821 157 V.
943 103 989 154 G
1073 101 1122 151 R

117 199 333 242 conceptas
375 185 526 228 habent
575 198 687 226 veras
737 181 783 223 de
818 180 906 220 Deo
940 174 1155 239 notiones,

118 260 302 288 amorem
347 243 461 286 suum
505 241 548 284 in
583 256 723 283 verum
761 250 912 279 numen
946 234 1127 287 dirigant
1150 263 1161 284 ,

120 319 246 359 ecque
279 301 603 349 ,inflammentur
651 292 1163 354 ardentiuSQquoducetta

121 362 197 403 fide
231 372 395 402 teneant
424 387 433 394 -
472 356 575 399 Illud
609 369 762 396 numen
788 384 801 405 ,
846 364 910 392 cul
949 349 1164 399 subiiciun-

123 431 214 470 tur‚
247 414 443 467 subjecisse
478 414 511 456 se
545 412 675 467 poenis
699 408 920 460 omnibu8‚
954 419 999 448 ut
1028 405 1169 448 homi-,

123 491 197 518 nes
238 488 371 530 poenae
415 471 544 514 servos
577 484 645 523 per
680 478 892 520 peccatum
924 462 1050 506 factos
1077 494 1090 515 ‚
1123 463 1166 505 ὅ(

125 546 285 575 aeternae
318 529 442 572 morti
474 528 688 569 damnatos
702 524 748 567 ad
771 523 999 565 libertatem
1016 520 1166 563 vitam-

125 605 202 644 que
236 597 466 631 revocaret.
499 586 596 626 Haec
632 583 757 637 igitur
789 579 920 636 prima
953 578 1022 620 lux
1055 576 1167 620 verbi

125 646 283 697 divini,
316 644 341 685 si
374 641 534 686 intimis
560 638 731 682 sensibus
747 636 982 689 hauriatur,
1015 635 1170 677 mirum

128 702 306 746 caritatis
335 700 520 743 ardorem
536 697 756 739 excitabit.
788 697 899 737 Cum
917 705 1052 736 autem
1071 691 1169 734 huic

129 758 307 811 accedit,
338 770 406 799 aut
438 754 666 797 imminens
699 751 842 795 futurae
861 765 989 804 poenae
1012 763 1170 802 metus,

88 846 92 850 -
131 814 194 870 spe
242 827 400 871 aeternae
447 811 656 854 felicitatis
689 810 817 863 magis
850 810 1065 850 firmantur
1095 807 1170 848 ho-

131 874 266 917 mines
298 872 342 913 in
375 868 674 913 exercitatione
707 867 747 909 vi
773 878 934 918 tutem,
965 864 1069 907 &in
1089 863 1171 905 cul-

134 943 176 973 tu
211 928 357 971 summi
394 926 603 978 numinis,
635 941 657 967 a
688 940 768 979 quo
800 934 914 965 tanta
941 936 1092 964 merces
1108 920 1174 963 be-

134 986 387 1029 rie-‘'aetorum
421 984 462 1027 in
497 982 604 1037 spem
636 982 878 1024 ostentatur.
915 979 994 1021 His
1026 976 1177 1020 facibus

135 1044 415 1087 inflammatus
447 1040 609 1083 animus
641 1039 681 1081 vi
713 1038 863 1080 divinae
877 1034 1176 1090 promissionis,

136 1103 178 1144 ἃ
225 1097 577 1152 contemplatione
627 1094 823 1137 bonitatis
856 1092 1027 1136 infinitae
1061 1091 1176 1133 facile

137 1157 314 1200 fizc‘titur
356 1155 403 1198 ad
445 1171 491 1197 ea
541 1166 773 1208 praecepta,
819 1152 962 1207 quibus
994 1148 1179 1192 Christus

138 1215 367 1257 humanam
403 1212 532 1255 vitam
567 1210 738 1253 instituit
772 1225 784 1261 3
829 1209 896 1263 qui
927 1207 1041 1249 enim
1076 1206 1116 1248 in
1138 1221 1178 1247 a-

140 1287 298 1314 morem
334 1269 482 1312 summi
516 1267 700 1310 numinis
731 1265 828 1309 totis
858 1265 1010 1307 viribus
1025 1262 1180 1315 fertur,

140 1328 174 1372 is
219 1328 392 1370 libenter
436 1325 584 1379 accipit
629 1323 862 1378 impositam
907 1321 974 1364 fibi
1011 1320 1142 1375 legem
1169 1351 1180 1372 ‚

141 1397 423 1439 conceptoque
470 1381 587 1424 semel
637 1380 729 1436 igne
761 1379 942 1423 caritatis
970 1411 983 1431 ,
1034 1376 1179 1419 volun-

142 1455 201 1485 tas
258 1441 301 1483 in
349 1439 526 1483 aliorum
576 1437 830 1480 voluntatem
873 1436 916 1479 δί
959 1434 1181 1484 utilitatem

147 1516 194 1542 ac
240 1497 483 1540 beneficium
527 1495 700 1538 inclinat
733 1495 811 1549 ipsa
844 1509 914 1550 per
947 1493 981 1535 se
1006 1524 1018 1545 ,
1063 1505 1182 1547 atque

143 1556 193 1599 ad
235 1555 402 1598 culmen
455 1554 652 1596 virtutum
684 1553 876 1594 omnium
909 1550 1048 1593 ardore
1082 1549 1184 1592 inci-

144 1625 228 1656 tata
259 1611 401 1655 divino
433 1610 649 1653 contendit
679 1641 687 1651 .
721 1608 900 1662 Triplici
933 1623 1029 1662 ergo
1063 1606 1185 1649 ratio-

144 1685 196 1712 ne
227 1668 412 1730 Christus
446 1667 654 1721 promovit
687 1679 805 1722 atque
839 1664 1062 1718 complevit
1087 1680 1186 1718 opus

144 1725 330 1770 caritatis
367 1724 459 1779 ,-t·se
503 1724 651 1766 scilicet
692 1723 734 1765 ὃς
780 1724 843 1765 sua
886 1723 992 1765 bona
1035 1720 1186 1776 patefa-

147 1784 292 1827 ciendo
328 1798 349 1834 ‚·
391 1796 559 1836 poenam
598 1782 642 1824 ἃ
684 1779 898 1835 praemium
942 1779 1186 1822 constituen-

145 1841 196 1883 do
218 1872 229 1892 ,
253 1839 418 1895 ,regulas
449 1838 492 1881 &
526 1838 618 1881 vitae
634 1852 829 1893 praecepta
843 1836 1061 1880 tradendo.
1084 1835 1187 1891 Qui-

149 1898 221 1941 bus
252 1896 354 1940 illud
386 1896 636 1949 frequentius
668 1894 848 1945 injunxit
877 1925 889 1947 ‚
920 1910 988 1937 eos
1018 1909 1190 1948 omnes,

148 1954 219 2011 qui
261 1953 487 1996 do&rinam
531 1969 551 1995 a
585 1953 618 1995 se
651 1964 807 2008 partam
839 1951 1048 2005 accipiunt
1075 1984 1086 2003 ,
1121 1951 1190 1993 ha·

151 2011 302 2055 bendos
331 2009 405 2053 effe
438 2024 650 2065 tamquam
686 2009 800 2063 plura
833 2009 875 2052 in
910 2024 991 2052 uno
1024 2024 1191 2062 corpore

133 2069 288 2112 moach
320 2067 528 2110 membra.
563 2067 684 2108 Unde
719 2067 831 2110 sicuti
864 2066 889 2109 fi
923 2066 1194 2109 brachiumin

151 2125 317 2168 alterius
359 2123 513 2167 brachii
546 2124 742 2166 damnum
777 2124 856 2167 tela
888 2123 1066 2166 vibraret
1096 2155 1106 2176 ,
1153 2123 1194 2166 &

154 2181 220 2225 illi
267 2183 310 2224 &
359 2181 425 2224 sibi
458 2181 500 2222 ἃ
534 2181 606 2224 toti
640 2181 810 2236 denique
843 2182 1003 2235 corpori
1038 2181 1196 2234 pericu-

154 2239 243 2283 lum
277 2237 460 2290 afferret3
493 2238 549 2280 ita
581 2238 622 2280 ὃς
655 2239 907 2289 Christiani,
940 2239 1044 2294 quod
1064 2238 1195 2293 singu-

1206 100 1786 156 A·V1NAE

1209 174 1252 216 ὃ(
1285 175 1390 218 rixas
1421 187 1621 220 averreret
1654 207 1663 217 .
1695 177 1809 220 Nam
1841 194 2026 236 quaenam
2061 176 2213 226 invidia
2235 188 2262 238 ‚²

1213 231 1277 275 vel
1310 232 1418 296 livor
1445 265 1455 285 ‚
1487 249 1557 276 aut
1589 233 1706 289 quale
1741 250 1923 291 unquam
1956 239 2094 283 odium
2131 253 2254 295 pene-

1214 302 1340 355 traret
1373 305 1415 332 in
1450 289 1542 333 illos
1568 323 1580 344 ‚
1612 291 1681 346 qui
1715 293 1868 335 mutuis
1899 295 2006 339 inter
2043 298 2076 339 se
2108 298 2254 339 volun-

1214 349 1362 392 tatibus
1417 348 1655 403 complicati
1710 350 1925 394 unanimes
1977 352 2165 397 feruntur
2208 353 2254 396 in

1214 408 1352 449 Deum
1379 436 1391 454 ‚
1424 417 1545 460 atque
1579 405 1770 460 in-ipfius
1804 407 2004 452 immensa
2035 411 2216 454 bonitate
2242 440 2255 464 ,

1214 475 1428 519 tamquam
1461 462 1503 505 in
1535 463 1676 506 eodem
1711 464 1860 518 pun&o
1874 465 2102 511 cohaerent.
2134 469 2259 522 Qae-

1217 535 1314 562 nam
1364 519 1471 561 acies
1503 534 1692 574 peracuta
1723 520 1950 565 diffolveret
1983 524 2136 567 nodum
2171 537 2256 567 tam

1217 578 1317 620 bene
1351 580 1621 619 contextum?
1654 579 1746 620 Hac
1777 591 1914 622 autem
1942 580 2177 624 animorum
2192 582 2261 623 fir-

1219 647 1328 677 mata
1361 633 1575 676 concordia
1598 665 1610 685 ‚
1642 634 1733 689 quis
1764 650 1847 676 non
1876 636 2010 688 videt,
2040 653 2163 692 quam
2181 638 2264 681 rni-
2292 680 2304 683 a

1222 708 1263 733 ra
1309 690 1382 733 sese
1418 689 1583 733 tolleret
1615 690 1744 734 moles
1777 694 1998 748 cohorsque
2031 695 2262 747 virtutum,

1208 762 1310 803 ·-quae
1354 747 1479 801 pietas
1523 748 1564 789 in
1608 749 1722 791 terris
1756 780 1767 801 ‚
1824 763 1912 805 quae
1957 751 2170 804 integritas
2221 751 2265 795 ἃ.

1227 805 1464 848 innocentia
1497 805 1692 848 floreret?
1737 808 1837 849 Haec
1871 806 1932 849 illi
1964 806 2117 850 Christi
2149 806 2267 851 disci-

1225 862 1309 918 puli
1357 862 1451 916 saepe
1484 861 1603 917 *inter
1635 862 1669 919 *se
1698 879 1706 903 :
1753 862 1886 919 itaque
1920 864 2021 918 ipsos
2052 864 2187 907 audivi
2221 865 2268 908 de

1225 919 1389 962 caritate
1421 917 1675 971 disserentes,
1707 934 1755 962 ex
1789 921 1933 975 quibus
1967 922 2086 974 probe
2117 921 2267 975 agnovi

1225 975 1341 1027 hujus
1374 975 1461 1017 vim
1495 975 1657 1018 virtutis
1683 1006 1694 1027 ‚
1727 992 1813 1030 quae
1847 977 1871 1019 si
1905 978 2063 1030 pefiora
2095 994 2275 1032 occupa·

1227 1047 1286 1075 ret
1333 1032 1450 1075 latius
1479 1063 1490 1084 ‚
1540 1032 1643 1074 recte
1677 1031 1866 1075 homines
1897 1034 2188 1076 deducerentur
2219 1034 2269 1077 ad

1227 1092 1362 1131 Deum
1386 1120 1398 1142 ‚
1429 1089 1473 1131 δε
1504 1090 1627 1144 patris
1661 1089 1780 1131 nostri
1812 1104 1906 1143 opes
1938 1089 2264 1134 exhaurirentur.

1227 1148 1339 1189 Cum
1370 1161 1391 1189 e
1423 1158 1566 1200 contra
1598 1145 1625 1186 fi
1657 1144 1748 1187 fides
1782 1146 1878 1196 stet,
1912 1146 2106 1189 deficiant
2132 1160 2271 1192 autem

1227 1219 1347 1257 opera
1389 1199 1570 1254 ca‘ritate2
1601 1201 1787 1245 restinSta
1819 1218 1829 1255 ·,
1862 1205 2004 1257 ingens
2031 1203 2273 1249 mortalium

1229 1260 1346 1302 turba
1394 1260 1491 1302 fluat
1523 1260 1566 1302 in
1609 1274 1753 1301 orcum
1781 1290 1790 1299 .
1834 1260 1929 1302 Ideo
1970 1260 2182 1305 caritatem
2228 1261 2273 1304 δε

1230 1319 1335 1359 bona
1391 1331 1513 1370 opera
1565 1314 1668 1358 mihi
1700 1316 1968 1369 opprimenda
2000 1317 2185 1373 suscepi,
2226 1331 2275 1361 ut

1229 1388 1447 1426 exugerem
1483 1373 1644 1416 succum
1677 1372 1795 1425 fidei,
1828 1373 2048 1416 &nervos
2071 1373 2274 1428 ipsiuseli-

1231 1432 1365 1475 derem
1389 1462 1401 1484 ,
1433 1429 1670 1485 Christique
1704 1430 2034 1483 praedicationem
2070 1447 2153 1474 non
2184 1431 2275 1487 qui-

1231 1490 1322 1531 dem
1355 1487 1599 1543 oppugnado
1632 1518 1644 1539 ‚
1690 1486 1750 1529 sed
1783 1488 1845 1529 vel
1880 1487 2125 1542 negligendo
2157 1519 2168 1541 ‚
2209 1487 2275 1531 vel

1234 1545 1541 1589 intervertendo
1575 1555 1844 1598 perverterem
1874 1576 1881 1585 .
1912 1544 2179 1588 Facillimum
2223 1545 2278 1587 est

1233 1603 1346 1646 enim
1381 1634 1394 1655 ,
1437 1617 1574 1656 rapere
1623 1600 1878 1644 Christianos
1909 1602 1951 1644 in
1986 1601 2201 1644 interitum
2234 1601 2279 1644 δι

1235 1660 1426 1712 ruinam,
1457 1660 1629 1711 abrupto
1662 1657 1830 1700 vinculo
1844 1658 2128 1713 perstitionis,
2161 1673 2278 1701 nem-

1239 1733 1288 1774 pe
1338 1715 1520 1760 caritatis
1563 1715 1652 1771 lege
1700 1715 1875 1758 relaxata
1906 1747 1916 1757 .
1962 1716 2027 1758 Ad
2069 1715 2109 1765 ‚id
2153 1715 2280 1770 igitur
2331 1766 2333 1768 ,

1236 1789 1382 1817 omnes
1429 1789 1539 1816 meas
1580 1774 1685 1815 vires
1716 1772 1915 1824 contuli,
1958 1787 2129 1815 omnem
2164 1772 2281 1815 indu-

1237 1832 1401 1882 striam,
1433 1830 1476 1873 &
1506 1845 1629 1886 quam
1664 1830 1764 1872 bene
1797 1828 1901 1871 mihi
1931 1828 2282 1883 succefferitopus,

1237 1887 1456 1946 quibusque
1504 1886 1850 1930 machinamentis
1900 1885 2014 1941 legis,
2039 1886 2188 1929 divinae
2220 1902 2287 1930 ro-

1242 1948 1316 1990 bur
1347 1943 1636 1999 oppresserim,
1671 1945 1834 1997 accipe.

1300 2002 1485 2045 Primum
1529 2001 1719 2045 omnium
1771 2000 2003 2043 latissimam
2036 1999 2146 2044 viam
2184 1999 2284 2044 meis

1241 2058 1444 2104 fraudibus
1489 2059 1677 2114 patefecit
1721 2057 1928 2112 neglectus
1967 2057 2012 2100 &
2053 2056 2285 2113 ignorantia

1245 2118 1532 2173 scripturarum
1573 2133 1581 2158 :
1626 2117 1666 2159 Si
1711 2118 1824 2157 enim
1867 2115 1913 2156 ad
1958 2114 2089 2170 ipsum
2124 2113 2286 2157 fontem

1245 2190 1392 2231 purum
1438 2173 1627 2216 homines
1671 2189 1715 2214 os
1758 2170 2023 2216 admovissent
2050 2203 2063 2224 ,
2107 2170 2286 2226 proset‘i‘to

1243 2231 1477 2275 avertissent
1512 2231 1544 2273 se
1578 2247 1598 2273 a
1633 2229 1802 2272 turbidis
1835 2228 1961 2281 rivis,
1992 2243 2091 2283 quos
2120 2243 2195 2282 ego
2218 2228 2288 2271 de-

155 2296 290 2339 lorum
323 2295 375 2336 est
412 2326 423 2345 ‚
455 2310 674 2337 commune
708 2296 854 2339 debent
885 2295 1196 2339 incommodum
1245 2289 1370 2332 duxi:
1409 2301 1499 2331 tum
1534 2288 1559 2330 si
1593 2286 1843 2330 consuessent
1875 2285 2064 2328 hommes
2095 2285 2140 2327 in
2173 2285 2287 2328 rebus

157 2364 363 2409 reputare.
398 2351 540 2400 Hinc,
573 2353 640 2407 qui
669 2353 786 2395 fidem
810 2354 1075 2409 profitentur,
1113 2353 1193 2396 sen·
1247 2346 1407 2399 dubiis,
1439 2361 1526 2401 quae
1557 2344 1664 2387 inter
1689 2343 1888 2399 agendum
1909 2354 2156 2393 occurrunt,
2187 2356 2287 2384 con-

155 2410 258 2454 fibus
291 2420 479 2461 tantum,
513 2408 553 2451 &
588 2411 881 2453 terminatione
915 2411 1197 2453 membrorum
1249 2404 1386 2458 sugere
1433 2402 1478 2445 ad
1514 2402 1677 2445 oracula
1713 2402 1998 2455 scripturarum
2027 2431 2040 2451 ‚
2084 2398 2288 2441 rationem

161 2464 304 2520 singuli
332 2499 333 2505 ,
359 2466 446 2508 sunt
483 2465 646 2521 separati
675 2499 687 2521 ,
724 2481 860 2511 mente
893 2480 1032 2510 tamen
1065 2467 1107 2509 ὅ(
1141 2466 1198 2508 di-
1249 2461 1385 2503 statim
1421 2476 1553 2502 rerum
1588 2459 1687 2501 bene
1728 2459 1992 2514 gerendarum
2025 2456 2067 2498 ὃς
2092 2469 2286 2498 exercen-

154 2524 262 2567 vinae
307 2522 405 2577 legis
455 2522 535 2575 vi,
581 2538 710 2568 unum
744 2525 996 2568 constituunt
1031 2524 1199 2578 simplex
1249 2518 1306 2560 dae
1351 2516 1514 2560 virtutis
1556 2516 1794 2570 accepissent
1819 2546 1832 2567 ,
1881 2528 1955 2556 nec
1987 2511 2136 2555 diutius
2165 2511 2288 2562 jaeta-

156 2595 300 2634 corpus
332 2580 374 2622 ἃ
408 2579 624 2624 indivisum
653 2614 661 2623 .
712 2584 813 2626 Haec
853 2582 877 2624 si
910 2582 1014 2625 ratio
1045 2582 1201 2637 vigeret
1253 2586 1393 2617 rentur
1433 2587 1500 2619 tot
1530 2573 1849 2616 dubitationibus
1879 2571 1922 2614 ὃς
1953 2568 2255 2613 difficultatibus
2276 2599 2288 2621 ,

160 2638 204 2681 in
258 2636 412 2680 animis
436 2670 449 2691 ‚
493 2637 682 2682 resecaret
725 2655 868 2682 omnes
912 2639 1109 2682 vitiorum
1141 2655 1200 2681 ra·
1224 2662 1227 2668 -
1252 2632 1397 2688 quibus
1438 2630 1647 2684 defatigati
1690 2629 1858 2672 tandem
1906 2628 1954 2671 ad
1986 2643 2052 2671 me
2085 2641 2288 2670 recurrere

160 2695 266 2737 dices
299 2725 310 2747 ‚
353 2694 396 2736 δι
440 2694 667 2739 uberrimos
712 2695 860 2739 fruetus
893 2696 1033 2750 pacis„
1066 2695 1203 2738 humi-
1256 2701 1480 2744 coguntur.
1514 2687 1618 2739 Quis
1642 2686 1752 2730 enirn
1775 2686 2290 2729 humanorumeventuum

163 2751 289 2794 litatis
327 2783 339 2804 ‚
393 2750 628 2807 justitiaeque
681 2753 915 2806 produceret
961 2784 969 2792 .
1026 2752 1067 2795 Si
1126 2751 1204 2794 sola
1254 2746 1301 2789 ad
1351 2745 1487 2801 legum
1529 2744 1761 2787 divinarum
1793 2744 1990 2787 trutinam
2023 2742 2065 2784 δε
2098 2755 2291 2783 normam

162 2808 229 2853 eni
329 2808 512 2851 amicitia
555 2808 598 2851 in
648 2808 880 2853 civitatibus
923 2811 1023 2852 bene
1066 2810 1201 2851 firma·
1254 2818 1336 2846 non
1392 2800 1546 2844 statim‘
1585 2801 1827 2856 expenditur
1854 2805 1879 2842 ?
1941 2800 2098 2843 Deinde
2151 2811 2290 2841 meam

164 2881 205 2911 ta
235 2824 415 2908 “sedaret
461 2864 672 2909 discordias
715 2881 857 2910 omnes
897 2898 908 2915 ,
951 2866 993 2909 &
1043 2866 1203 2908 tolleret
1253 2859 1535 2903 auS'toritatem
1591 2860 1742 2902 mirum
1798 2859 1842 2902 in
1890 2855 2076 2902 moduni*
2109 2853 2290 2897 subleva?

164 2921 637 2978 neceffitatem··legum
690 2935 808 2980 atque
863 2939 1076 2977 poenarum
1105 2955 1115 2973 ‚
1161 2935 1205 2965 ut
1256 2919 1313 2960 vit
1345 2917 1618 2960 humanarum
1651 2916 1913 2960 affeffionum
1936 2916 2120 2969 ,impetus
2143 2944 2155 2965 ‚
2197 2911 2289 2966 qui-

166 2980 247 3035 ipse
288 2980 414 3024 etiam
444 2980 690 3024 >Aristoteles
732 2982 774 3024 in
808 2980 922 3024 libris
953 2980 1201 3024 Ethicorum
1258 2977 1327 3018 bus
1358 2991 1379 3017 a
1413 2974 1620 3029 praeceptis
1651 2973 1803 3016 divinis
1835 2973 2024 3017 homines
2054 2968 2290 3012 abstrahun-

167 3037 396 3081 observavit
420 3070 432 3090 ,
475 3050 629 3094 quanto
661 3037 858 3088 maiorem
890 3037 1073 3081 caritatis
1105 3053 1200 3081 con-

161 3094 352 3140 cordiam
383 3095 588 3152 firmaret,
620 3109 852 3153 quantoque
886 3095 1045 3153 longius
1075 3094 1204 3153 jurgia

1260 3048 1324 3075 tur
1350 3064 1361 3085 ‚
1405 3048 1449 3074 ac
1501 3032 1587 3074 ideo
1631 3031 1674 3074 in
1718 3031 2051 3074 incertitudinem
2095 3027 2128 3071 se
2158 3027 2292 3071 maxi.-

1261 3106 1373 3136 mam
1404 3088 1656 3145 conjiciunt3
1688 3088 1781 3145 quia
1813 3104 1898 3134 non
1927 3087 1977 3132 ad·
2003 3101 2094 3132 eam
2127 3084 2293 3147 vivendi

2171 3154 2297 3188 ratio-
