<?xml version="1.0" encoding="UTF-8"?>
<!DOCTYPE html PUBLIC "-//W3C//DTD XHTML 1.0 Transitional//EN"
    "http://www.w3.org/TR/xhtml1/DTD/xhtml1-transitional.dtd">
<html xmlns="http://www.w3.org/1999/xhtml" xml:lang="en" lang="en">
 <head>
  <title>
</title>
<meta http-equiv="Content-Type" content="text/html;charset=utf-8" />
  <meta name='ocr-system' content='tesseract 3.04.00' />
  <meta name='ocr-capabilities' content='ocr_page ocr_carea ocr_par ocr_line ocrx_word'/>
</head>
<body>
  <div class='ocr_page' id='page_1' title='image "./janivincentiigra02gravuoft_0132.png"; bbox 0 0 2451 3470; ppageno 0'>
   <div class='ocr_carea' id='block_1_1' title="bbox 167 119 2308 1718">
    <p class='ocr_par' dir='ltr' id='par_1_1' title="bbox 167 119 2308 1718">
     <span class='ocr_line' id='line_1_1' title="bbox 173 119 2239 193; baseline 0.003 -22"><span class='ocrx_word' id='word_1_1' title='bbox 173 123 279 172; x_wconf 74' lang='lat'>125</span> <span class='ocrx_word' id='word_1_2' title='bbox 633 119 1820 193; x_wconf 82' lang='lat' dir='ltr'>J.V.GRAV1NAE</span> <span class='ocrx_word' id='word_1_3' title='bbox 2128 158 2239 188; x_wconf 21' lang='lat' dir='ltr'>‚x</span> 
     </span>
     <span class='ocr_line' id='line_1_2' title="bbox 167 188 2303 254; baseline 0.003 -17"><span class='ocrx_word' id='word_1_4' title='bbox 167 193 334 246; x_wconf 68' lang='lat' dir='ltr'>juvenes</span> <span class='ocrx_word' id='word_1_5' title='bbox 381 192 476 251; x_wconf 79' lang='lat' dir='ltr'>quid</span> <span class='ocrx_word' id='word_1_6' title='bbox 504 226 516 248; x_wconf 85' lang='lat'>‚</span> <span class='ocrx_word' id='word_1_7' title='bbox 559 188 707 250; x_wconf 63' lang='lat' dir='ltr'>quosve</span> <span class='ocrx_word' id='word_1_8' title='bbox 753 192 858 251; x_wconf 87' lang='lat' dir='ltr'>sequi</span> <span class='ocrx_word' id='word_1_9' title='bbox 901 208 922 236; x_wconf 90' lang='lat' dir='ltr'>e</span> <span class='ocrx_word' id='word_1_10' title='bbox 955 192 1237 248; x_wconf 63' lang='lat' dir='ltr'>scriptoribus*</span> <span class='ocrx_word' id='word_1_11' title='bbox 1260 193 1381 249; x_wconf 77' lang='lat' dir='ltr'>syrios</span> <span class='ocrx_word' id='word_1_12' title='bbox 1423 193 1588 249; x_wconf 85' lang='lat' dir='ltr'>quidem</span> <span class='ocrx_word' id='word_1_13' title='bbox 1617 227 1627 246; x_wconf 71' lang='lat'><em>‚</em></span> <span class='ocrx_word' id='word_1_14' title='bbox 1673 196 1717 242; x_wconf 71' lang='grc' dir='ltr'>ἃ,</span> <span class='ocrx_word' id='word_1_15' title='bbox 1763 198 1910 241; x_wconf 76' lang='lat' dir='ltr'>Medos</span> <span class='ocrx_word' id='word_1_16' title='bbox 1942 198 2052 244; x_wconf 80' lang='lat' dir='ltr'>fuere</span> <span class='ocrx_word' id='word_1_17' title='bbox 2084 199 2266 249; x_wconf 59' lang='lat' dir='ltr'>Chaldiri</span> <span class='ocrx_word' id='word_1_18' title='bbox 2292 234 2303 254; x_wconf 82' lang='lat'>‚</span> 
     </span>
     <span class='ocr_line' id='line_1_3' title="bbox 168 249 2300 314; baseline 0.003 -19"><span class='ocrx_word' id='word_1_19' title='bbox 168 253 342 295; x_wconf 85' lang='lat' dir='ltr'>debeant</span> <span class='ocrx_word' id='word_1_20' title='bbox 371 283 383 303; x_wconf 65' lang='lat'>³</span> <span class='ocrx_word' id='word_1_21' title='bbox 428 253 470 296; x_wconf 73' lang='grc' dir='ltr'>ἃ</span> <span class='ocrx_word' id='word_1_22' title='bbox 502 267 590 307; x_wconf 68' lang='lat' dir='ltr'>quae</span> <span class='ocrx_word' id='word_1_23' title='bbox 621 251 823 295; x_wconf 85' lang='lat' dir='ltr'>declinare</span> <span class='ocrx_word' id='word_1_24' title='bbox 853 282 860 292; x_wconf 89' lang='lat'>.</span> <span class='ocrx_word' id='word_1_25' title='bbox 911 249 1031 304; x_wconf 71' lang='lat' dir='ltr'>Quod</span> <span class='ocrx_word' id='word_1_26' title='bbox 1066 251 1208 293; x_wconf 58' lang='lat' dir='ltr'>meiius</span> <span class='ocrx_word' id='word_1_27' title='bbox 1260 251 1362 301; x_wconf 64' lang='lat' dir='ltr'>apud</span> <span class='ocrx_word' id='word_1_28' title='bbox 1408 251 1538 294; x_wconf 81' lang='lat' dir='ltr'>Persas</span> <span class='ocrx_word' id='word_1_29' title='bbox 1591 254 1706 307; x_wconf 72' lang='lat' dir='ltr'>Magi</span> <span class='ocrx_word' id='word_1_30' title='bbox 1737 286 1749 305; x_wconf 90' lang='lat'><strong>‚</strong></span> <span class='ocrx_word' id='word_1_31' title='bbox 1792 253 1894 308; x_wconf 78' lang='lat' dir='ltr'>apud</span> <span class='ocrx_word' id='word_1_32' title='bbox 1928 258 2048 299; x_wconf 77' lang='lat' dir='ltr'>Indos</span> <span class='ocrx_word' id='word_1_33' title='bbox 2079 272 2199 314; x_wconf 82' lang='lat' dir='ltr'>atque</span> <span class='ocrx_word' id='word_1_34' title='bbox 2235 259 2300 301; x_wconf 64' lang='lat' dir='ltr'>SE-</span> 
     </span>
     <span class='ocr_line' id='line_1_4' title="bbox 169 307 2303 374; baseline -0 -22"><span class='ocrx_word' id='word_1_35' title='bbox 169 309 327 354; x_wconf 66' lang='lat' dir='ltr'>fortasse</span> <span class='ocrx_word' id='word_1_36' title='bbox 361 309 463 353; x_wconf 73' lang='lat' dir='ltr'>mihi</span> <span class='ocrx_word' id='word_1_37' title='bbox 499 309 710 363; x_wconf 75' lang='lat' dir='ltr'>procedet,</span> <span class='ocrx_word' id='word_1_38' title='bbox 744 308 770 351; x_wconf 90' lang='lat' dir='ltr'><strong>fi</strong></span> <span class='ocrx_word' id='word_1_39' title='bbox 797 307 1012 357; x_wconf 76' lang='lat' dir='ltr'>studiosos,</span> <span class='ocrx_word' id='word_1_40' title='bbox 1046 324 1207 350; x_wconf 78' lang='lat' dir='ltr'>mecum</span> <span class='ocrx_word' id='word_1_41' title='bbox 1263 309 1420 362; x_wconf 77' lang='lat' dir='ltr'>thiopes</span> <span class='ocrx_word' id='word_1_42' title='bbox 1452 310 1806 368; x_wconf 55' lang='lat' dir='ltr'>Gymnosophistai</span> <span class='ocrx_word' id='word_1_43' title='bbox 1827 343 1839 363; x_wconf 90' lang='lat'>,</span> <span class='ocrx_word' id='word_1_44' title='bbox 1873 315 1973 364; x_wconf 77' lang='lat' dir='ltr'>apud</span> <span class='ocrx_word' id='word_1_45' title='bbox 2009 316 2218 374; x_wconf 63' lang='lat' dir='ltr'>AEgyptios</span> <span class='ocrx_word' id='word_1_46' title='bbox 2234 330 2303 358; x_wconf 70' lang='lat' dir='ltr'>ve-</span> 
     </span>
     <span class='ocr_line' id='line_1_5' title="bbox 170 365 2298 426; baseline 0.002 -15"><span class='ocrx_word' id='word_1_47' title='bbox 170 368 212 411; x_wconf 87' lang='lat' dir='ltr'>in</span> <span class='ocrx_word' id='word_1_48' title='bbox 245 367 373 411; x_wconf 82' lang='lat' dir='ltr'>altum</span> <span class='ocrx_word' id='word_1_49' title='bbox 410 383 476 420; x_wconf 61' lang='lat' dir='ltr'>per</span> <span class='ocrx_word' id='word_1_50' title='bbox 498 380 630 410; x_wconf 77' lang='lat' dir='ltr'>setates</span> <span class='ocrx_word' id='word_1_51' title='bbox 651 366 908 419; x_wconf 56' lang='lat' dir='ltr'>regionesque</span> <span class='ocrx_word' id='word_1_52' title='bbox 927 365 1210 408; x_wconf 52' lang='lat' dir='ltr'>remotissimas</span> <span class='ocrx_word' id='word_1_53' title='bbox 1261 381 1304 408; x_wconf 90' lang='lat' dir='ltr'>ro</span> <span class='ocrx_word' id='word_1_54' title='bbox 1354 365 1532 417; x_wconf 81' lang='lat' dir='ltr'>ipsorum</span> <span class='ocrx_word' id='word_1_55' title='bbox 1565 367 1794 410; x_wconf 77' lang='lat' dir='ltr'>Sacerdotes</span> <span class='ocrx_word' id='word_1_56' title='bbox 1823 399 1832 409; x_wconf 89' lang='lat'><strong>.</strong></span> <span class='ocrx_word' id='word_1_57' title='bbox 1883 371 2069 424; x_wconf 78' lang='lat' dir='ltr'>Quorum</span> <span class='ocrx_word' id='word_1_58' title='bbox 2106 371 2298 426; x_wconf 75' lang='lat' dir='ltr'>sapientia</span> 
     </span>
     <span class='ocr_line' id='line_1_6' title="bbox 168 421 2298 482; baseline 0.001 -14"><span class='ocrx_word' id='word_1_59' title='bbox 168 425 217 470; x_wconf 79' lang='lat' dir='ltr'>acl</span> <span class='ocrx_word' id='word_1_60' title='bbox 249 426 378 481; x_wconf 73' lang='lat' dir='ltr'>capita</span> <span class='ocrx_word' id='word_1_61' title='bbox 414 425 620 478; x_wconf 80' lang='lat' dir='ltr'>fontelque</span> <span class='ocrx_word' id='word_1_62' title='bbox 651 423 926 466; x_wconf 45' lang='lat' dir='ltr'>deth-inarum</span> <span class='ocrx_word' id='word_1_63' title='bbox 945 422 1130 474; x_wconf 63' lang='grc' dir='ltr'>ενεξὶος,</span> <span class='ocrx_word' id='word_1_64' title='bbox 1163 425 1210 466; x_wconf 79' lang='lat' dir='ltr'>ad</span> <span class='ocrx_word' id='word_1_65' title='bbox 1262 421 1506 478; x_wconf 86' lang='lat' dir='ltr'>populorum</span> <span class='ocrx_word' id='word_1_66' title='bbox 1539 424 1738 479; x_wconf 78' lang='lat' dir='ltr'>agnatitia</span> <span class='ocrx_word' id='word_1_67' title='bbox 1754 437 1866 478; x_wconf 82' lang='lat' dir='ltr'>erat,</span> <span class='ocrx_word' id='word_1_68' title='bbox 1898 439 2016 482; x_wconf 84' lang='lat' dir='ltr'>atque</span> <span class='ocrx_word' id='word_1_69' title='bbox 2033 422 2298 480; x_wconf 71' lang='lat' dir='ltr'>hereditaria,</span> 
     </span>
     <span class='ocr_line' id='line_1_7' title="bbox 169 479 2296 538; baseline 0 -12"><span class='ocrx_word' id='word_1_70' title='bbox 169 483 302 526; x_wconf 79' lang='lat' dir='ltr'>nostra</span> <span class='ocrx_word' id='word_1_71' title='bbox 348 481 467 537; x_wconf 87' lang='lat' dir='ltr'>usque</span> <span class='ocrx_word' id='word_1_72' title='bbox 501 494 684 535; x_wconf 83' lang='lat' dir='ltr'>tempora</span> <span class='ocrx_word' id='word_1_73' title='bbox 718 479 889 529; x_wconf 78' lang='lat' dir='ltr'>iucunda</span> <span class='ocrx_word' id='word_1_74' title='bbox 925 479 1012 522; x_wconf 88' lang='lat' dir='ltr'>sane</span> <span class='ocrx_word' id='word_1_75' title='bbox 1046 479 1208 525; x_wconf 80' lang='lat' dir='ltr'>animo—</span> <span class='ocrx_word' id='word_1_76' title='bbox 1260 480 1354 534; x_wconf 84' lang='lat' dir='ltr'>quia</span> <span class='ocrx_word' id='word_1_77' title='bbox 1388 479 1503 523; x_wconf 82' lang='lat' dir='ltr'>fimul</span> <span class='ocrx_word' id='word_1_78' title='bbox 1538 497 1631 524; x_wconf 87' lang='lat' dir='ltr'>cum</span> <span class='ocrx_word' id='word_1_79' title='bbox 1666 481 1919 535; x_wconf 85' lang='lat' dir='ltr'>patrimonio</span> <span class='ocrx_word' id='word_1_80' title='bbox 1952 500 1974 525; x_wconf 90' lang='lat' dir='ltr'>a</span> <span class='ocrx_word' id='word_1_81' title='bbox 2004 485 2296 538; x_wconf 82' lang='lat' dir='ltr'>parentibusin</span> 
     </span>
     <span class='ocr_line' id='line_1_8' title="bbox 169 536 2301 612; baseline -0 -28"><span class='ocrx_word' id='word_1_82' title='bbox 169 557 259 585; x_wconf 79' lang='lat' dir='ltr'>rum</span> <span class='ocrx_word' id='word_1_83' title='bbox 295 537 620 594; x_wconf 68' lang='lat' dir='ltr'>peregrinatione</span> <span class='ocrx_word' id='word_1_84' title='bbox 652 538 848 580; x_wconf 72' lang='lat' dir='ltr'>reduxero</span> <span class='ocrx_word' id='word_1_85' title='bbox 880 569 894 589; x_wconf 87' lang='lat'>,</span> <span class='ocrx_word' id='word_1_86' title='bbox 939 536 1033 594; x_wconf 86' lang='lat' dir='ltr'>quid</span> <span class='ocrx_word' id='word_1_87' title='bbox 1067 537 1166 583; x_wconf 81' lang='lat' dir='ltr'>utile</span> <span class='ocrx_word' id='word_1_88' title='bbox 1199 536 1409 612; x_wconf 41' lang='lat' dir='ltr'>,iliberos</span> <span class='ocrx_word' id='word_1_89' title='bbox 1473 536 1594 599; x_wconf 68' lang='lat' dir='ltr'>longa</span> <span class='ocrx_word' id='word_1_90' title='bbox 1645 538 1880 581; x_wconf 71' lang='lat' dir='ltr'>succeffione</span> <span class='ocrx_word' id='word_1_91' title='bbox 1924 539 2301 594; x_wconf 77' lang='lat' dir='ltr'>transmittebatur,</span> 
     </span>
     <span class='ocr_line' id='line_1_9' title="bbox 170 593 2303 653; baseline -0 -12"><span class='ocrx_word' id='word_1_92' title='bbox 170 615 216 642; x_wconf 84' lang='lat' dir='ltr'>ac</span> <span class='ocrx_word' id='word_1_93' title='bbox 249 597 419 639; x_wconf 83' lang='lat' dir='ltr'>noxium</span> <span class='ocrx_word' id='word_1_94' title='bbox 453 594 601 649; x_wconf 84' lang='lat' dir='ltr'>ubique</span> <span class='ocrx_word' id='word_1_95' title='bbox 637 594 678 636; x_wconf 84' lang='lat' dir='ltr'>sit</span> <span class='ocrx_word' id='word_1_96' title='bbox 699 626 710 643; x_wconf 79' lang='lat'>,</span> <span class='ocrx_word' id='word_1_97' title='bbox 745 593 855 636; x_wconf 85' lang='lat' dir='ltr'>brevi</span> <span class='ocrx_word' id='word_1_98' title='bbox 892 594 966 637; x_wconf 83' lang='lat' dir='ltr'>hac</span> <span class='ocrx_word' id='word_1_99' title='bbox 981 594 1211 650; x_wconf 84' lang='lat' dir='ltr'>navigatio·</span> <span class='ocrx_word' id='word_1_100' title='bbox 1261 605 1424 648; x_wconf 84' lang='lat' dir='ltr'>eratque</span> <span class='ocrx_word' id='word_1_101' title='bbox 1475 595 1593 637; x_wconf 86' lang='lat' dir='ltr'>certis</span> <span class='ocrx_word' id='word_1_102' title='bbox 1626 595 1822 651; x_wconf 80' lang='lat' dir='ltr'>adscripta</span> <span class='ocrx_word' id='word_1_103' title='bbox 1854 595 2024 641; x_wconf 80' lang='lat' dir='ltr'>fami-liis</span> <span class='ocrx_word' id='word_1_104' title='bbox 2049 628 2062 651; x_wconf 79' lang='lat'>,</span> <span class='ocrx_word' id='word_1_105' title='bbox 2107 613 2128 640; x_wconf 90' lang='lat' dir='ltr'>e</span> <span class='ocrx_word' id='word_1_106' title='bbox 2159 599 2303 653; x_wconf 83' lang='lat' dir='ltr'>quibus</span> 
     </span>
     <span class='ocr_line' id='line_1_10' title="bbox 170 650 2304 710; baseline 0.001 -14"><span class='ocrx_word' id='word_1_107' title='bbox 170 670 247 705; x_wconf 78' lang='lat' dir='ltr'>ne,</span> <span class='ocrx_word' id='word_1_108' title='bbox 281 653 348 696; x_wconf 91' lang='lat' dir='ltr'>ubi</span> <span class='ocrx_word' id='word_1_109' title='bbox 383 653 416 695; x_wconf 87' lang='lat' dir='ltr'>se</span> <span class='ocrx_word' id='word_1_110' title='bbox 447 652 602 695; x_wconf 76' lang='lat' dir='ltr'>occasio</span> <span class='ocrx_word' id='word_1_111' title='bbox 632 650 819 700; x_wconf 75' lang='lat' dir='ltr'>dederit,</span> <span class='ocrx_word' id='word_1_112' title='bbox 850 651 1095 695; x_wconf 85' lang='lat' dir='ltr'>ostensurus.</span> <span class='ocrx_word' id='word_1_113' title='bbox 1263 666 1471 706; x_wconf 81' lang='lat' dir='ltr'>nunquam</span> <span class='ocrx_word' id='word_1_114' title='bbox 1506 651 1788 706; x_wconf 78' lang='lat' dir='ltr'>egrediebatur</span> <span class='ocrx_word' id='word_1_115' title='bbox 1825 684 1836 706; x_wconf 80' lang='lat'>,</span> <span class='ocrx_word' id='word_1_116' title='bbox 1871 666 1914 696; x_wconf 89' lang='lat' dir='ltr'>ut</span> <span class='ocrx_word' id='word_1_117' title='bbox 1945 666 2048 697; x_wconf 85' lang='lat' dir='ltr'>artes</span> <span class='ocrx_word' id='word_1_118' title='bbox 2079 666 2198 710; x_wconf 86' lang='lat' dir='ltr'>atque</span> <span class='ocrx_word' id='word_1_119' title='bbox 2233 654 2304 701; x_wconf 80' lang='lat' dir='ltr'>sei-</span> 
     </span>
     <span class='ocr_line' id='line_1_11' title="bbox 227 707 2303 765; baseline 0 -12"><span class='ocrx_word' id='word_1_120' title='bbox 227 714 424 759; x_wconf 80' lang='lat' dir='ltr'>Humana</span> <span class='ocrx_word' id='word_1_121' title='bbox 469 708 659 762; x_wconf 81' lang='lat' dir='ltr'>sapientia</span> <span class='ocrx_word' id='word_1_122' title='bbox 682 740 693 760; x_wconf 89' lang='lat'>,</span> <span class='ocrx_word' id='word_1_123' title='bbox 752 707 928 764; x_wconf 71' lang='lat' dir='ltr'>ipsismet</span> <span class='ocrx_word' id='word_1_124' title='bbox 961 708 1118 751; x_wconf 72' lang='lat' dir='ltr'>Graecis</span> <span class='ocrx_word' id='word_1_125' title='bbox 1151 709 1209 751; x_wconf 88' lang='lat' dir='ltr'>ul·</span> <span class='ocrx_word' id='word_1_126' title='bbox 1261 707 1381 750; x_wconf 69' lang='lat' dir='ltr'>entiae</span> <span class='ocrx_word' id='word_1_127' title='bbox 1408 739 1420 760; x_wconf 78' lang='lat'>,</span> <span class='ocrx_word' id='word_1_128' title='bbox 1471 723 1553 751; x_wconf 88' lang='lat' dir='ltr'>non</span> <span class='ocrx_word' id='word_1_129' title='bbox 1590 710 1702 755; x_wconf 81' lang='lat' dir='ltr'>lucro</span> <span class='ocrx_word' id='word_1_130' title='bbox 1734 742 1745 762; x_wconf 83' lang='lat'><em>‚</em></span> <span class='ocrx_word' id='word_1_131' title='bbox 1788 726 1870 765; x_wconf 87' lang='lat' dir='ltr'>quo</span> <span class='ocrx_word' id='word_1_132' title='bbox 1903 710 2103 754; x_wconf 81' lang='lat' dir='ltr'>vitiantur</span> <span class='ocrx_word' id='word_1_133' title='bbox 2133 711 2303 765; x_wconf 75' lang='lat' dir='ltr'>omnia,</span> 
     </span>
     <span class='ocr_line' id='line_1_12' title="bbox 170 764 2303 828; baseline -0 -16"><span class='ocrx_word' id='word_1_134' title='bbox 170 785 232 812; x_wconf 77' lang='lat' dir='ltr'>tro</span> <span class='ocrx_word' id='word_1_135' title='bbox 265 766 486 811; x_wconf 80' lang='lat' dir='ltr'>fatentibus</span> <span class='ocrx_word' id='word_1_136' title='bbox 519 796 531 817; x_wconf 83' lang='lat'>‚</span> <span class='ocrx_word' id='word_1_137' title='bbox 562 764 769 820; x_wconf 74' lang='lat' dir='ltr'><strong>originem</strong></span> <span class='ocrx_word' id='word_1_138' title='bbox 804 765 915 808; x_wconf 85' lang='lat' dir='ltr'>ducit</span> <span class='ocrx_word' id='word_1_139' title='bbox 945 781 966 808; x_wconf 87' lang='lat' dir='ltr'>a</span> <span class='ocrx_word' id='word_1_140' title='bbox 1001 765 1177 808; x_wconf 84' lang='lat' dir='ltr'>barbaris</span> <span class='ocrx_word' id='word_1_141' title='bbox 1203 798 1212 810; x_wconf 84' lang='lat'><strong>.</strong></span> <span class='ocrx_word' id='word_1_142' title='bbox 1264 765 1324 807; x_wconf 82' lang='lat' dir='ltr'>sed</span> <span class='ocrx_word' id='word_1_143' title='bbox 1357 766 1465 808; x_wconf 78' lang='lat' dir='ltr'>avita</span> <span class='ocrx_word' id='word_1_144' title='bbox 1498 765 1666 809; x_wconf 87' lang='lat' dir='ltr'>caritate</span> <span class='ocrx_word' id='word_1_145' title='bbox 1701 767 1862 821; x_wconf 70' lang='lat' dir='ltr'>posteris</span> <span class='ocrx_word' id='word_1_146' title='bbox 1895 768 2073 821; x_wconf 67' lang='lat' dir='ltr'>traditae,</span> <span class='ocrx_word' id='word_1_147' title='bbox 2106 768 2303 828; x_wconf 84' lang='lat' dir='ltr'>perpetuo</span> 
     </span>
     <span class='ocr_line' id='line_1_13' title="bbox 175 822 2300 883; baseline 0.001 -17"><span class='ocrx_word' id='word_1_148' title='bbox 175 825 338 873; x_wconf 63' lang='lat' dir='ltr'>Barbari</span> <span class='ocrx_word' id='word_1_149' title='bbox 382 838 480 866; x_wconf 71' lang='lat' dir='ltr'>vero</span> <span class='ocrx_word' id='word_1_150' title='bbox 523 837 614 865; x_wconf 87' lang='lat' dir='ltr'>earn</span> <span class='ocrx_word' id='word_1_151' title='bbox 647 823 696 864; x_wconf 88' lang='lat' dir='ltr'>ab</span> <span class='ocrx_word' id='word_1_152' title='bbox 729 822 913 866; x_wconf 64' lang='lat' dir='ltr'>Hebraeis</span> <span class='ocrx_word' id='word_1_153' title='bbox 944 837 1213 879; x_wconf 82' lang='lat' dir='ltr'>acceperunt,</span> <span class='ocrx_word' id='word_1_154' title='bbox 1265 835 1479 867; x_wconf 88' lang='lat' dir='ltr'>manerent</span> <span class='ocrx_word' id='word_1_155' title='bbox 1511 824 1779 878; x_wconf 67' lang='lat' dir='ltr'>incorruptae.</span> <span class='ocrx_word' id='word_1_156' title='bbox 1812 825 1934 869; x_wconf 82' lang='lat' dir='ltr'>Unde</span> <span class='ocrx_word' id='word_1_157' title='bbox 1970 825 2134 883; x_wconf 82' lang='lat' dir='ltr'>longius</span> <span class='ocrx_word' id='word_1_158' title='bbox 2167 825 2300 869; x_wconf 86' lang='lat' dir='ltr'>multo</span> 
     </span>
     <span class='ocr_line' id='line_1_14' title="bbox 173 858 2306 938; baseline 0.004 -21"><span class='ocrx_word' id='word_1_159' title='bbox 173 883 318 938; x_wconf 60' lang='lat' dir='ltr'>quibus</span> <span class='ocrx_word' id='word_1_160' title='bbox 350 895 418 936; x_wconf 88' lang='lat' dir='ltr'>per</span> <span class='ocrx_word' id='word_1_161' title='bbox 454 879 737 922; x_wconf 87' lang='lat' dir='ltr'>Abrahamum</span> <span class='ocrx_word' id='word_1_162' title='bbox 773 879 906 932; x_wconf 85' lang='lat' dir='ltr'>primo</span> <span class='ocrx_word' id='word_1_163' title='bbox 935 879 1116 932; x_wconf 49' lang='lat' dir='ltr'>„deinde</span> <span class='ocrx_word' id='word_1_164' title='bbox 1147 897 1214 935; x_wconf 85' lang='lat' dir='ltr'>per</span> <span class='ocrx_word' id='word_1_165' title='bbox 1234 858 1242 905; x_wconf 69' lang='lat' dir='ltr'>l</span> <span class='ocrx_word' id='word_1_166' title='bbox 1265 880 1542 925; x_wconf 61' lang='lat' dir='ltr'>doetrinarum</span> <span class='ocrx_word' id='word_1_167' title='bbox 1575 880 1791 937; x_wconf 83' lang='lat' dir='ltr'>integritas</span> <span class='ocrx_word' id='word_1_168' title='bbox 1816 882 2085 937; x_wconf 81' lang='lat' dir='ltr'>perseveravit</span> <span class='ocrx_word' id='word_1_169' title='bbox 2099 882 2201 938; x_wconf 88' lang='lat' dir='ltr'>apud</span> <span class='ocrx_word' id='word_1_170' title='bbox 2217 883 2306 925; x_wconf 87' lang='lat' dir='ltr'>bar-</span> 
     </span>
     <span class='ocr_line' id='line_1_15' title="bbox 180 935 2308 994; baseline 0 -12"><span class='ocrx_word' id='word_1_171' title='bbox 180 941 325 982; x_wconf 79' lang='lat' dir='ltr'>Mosen</span> <span class='ocrx_word' id='word_1_172' title='bbox 375 938 643 991; x_wconf 67' lang='lat' dir='ltr'>interpretem</span> <span class='ocrx_word' id='word_1_173' title='bbox 687 936 832 983; x_wconf 87' lang='lat' dir='ltr'>tradita</span> <span class='ocrx_word' id='word_1_174' title='bbox 875 935 1011 983; x_wconf 88' lang='lat' dir='ltr'>fuerat</span> <span class='ocrx_word' id='word_1_175' title='bbox 1037 953 1061 979; x_wconf 91' lang='lat' dir='ltr'>a</span> <span class='ocrx_word' id='word_1_176' title='bbox 1094 938 1183 980; x_wconf 89' lang='lat' dir='ltr'>Deo</span> <span class='ocrx_word' id='word_1_177' title='bbox 1204 970 1214 986; x_wconf 81' lang='grc'>,</span> <span class='ocrx_word' id='word_1_178' title='bbox 1265 937 1379 987; x_wconf 83' lang='lat' dir='ltr'>baros</span> <span class='ocrx_word' id='word_1_179' title='bbox 1399 969 1411 990; x_wconf 85' lang='lat'>‚</span> <span class='ocrx_word' id='word_1_180' title='bbox 1444 952 1568 993; x_wconf 84' lang='lat' dir='ltr'>quam</span> <span class='ocrx_word' id='word_1_181' title='bbox 1600 940 1702 993; x_wconf 87' lang='lat' dir='ltr'>apud</span> <span class='ocrx_word' id='word_1_182' title='bbox 1717 939 1911 990; x_wconf 85' lang='lat' dir='ltr'>Graecos‚</span> <span class='ocrx_word' id='word_1_183' title='bbox 1944 941 2178 994; x_wconf 85' lang='lat' dir='ltr'>quorumin</span> <span class='ocrx_word' id='word_1_184' title='bbox 2195 939 2308 982; x_wconf 83' lang='lat' dir='ltr'>scho-</span> 
     </span>
     <span class='ocr_line' id='line_1_16' title="bbox 175 993 2307 1051; baseline 0 -13"><span class='ocrx_word' id='word_1_185' title='bbox 175 995 292 1051; x_wconf 78' lang='lat' dir='ltr'>Quod</span> <span class='ocrx_word' id='word_1_186' title='bbox 335 1011 356 1037; x_wconf 90' lang='lat' dir='ltr'>e</span> <span class='ocrx_word' id='word_1_187' title='bbox 388 994 611 1038; x_wconf 72' lang='lat' dir='ltr'>commissis</span> <span class='ocrx_word' id='word_1_188' title='bbox 643 993 749 1037; x_wconf 79' lang='lat' dir='ltr'>inter</span> <span class='ocrx_word' id='word_1_189' title='bbox 783 993 817 1038; x_wconf 89' lang='lat' dir='ltr'>se</span> <span class='ocrx_word' id='word_1_190' title='bbox 854 993 1023 1036; x_wconf 85' lang='lat' dir='ltr'>summis</span> <span class='ocrx_word' id='word_1_191' title='bbox 1052 995 1215 1038; x_wconf 72' lang='lat' dir='ltr'>vetustae</span> <span class='ocrx_word' id='word_1_192' title='bbox 1266 993 1314 1036; x_wconf 91' lang='lat' dir='ltr'>lis</span> <span class='ocrx_word' id='word_1_193' title='bbox 1328 994 2307 1048; x_wconf 53' lang='lat' dir='ltr'>recentioribus,fastu&amp;iaetantiaredundanti-</span> 
     </span>
     <span class='ocr_line' id='line_1_17' title="bbox 171 1051 2305 1107; baseline 0 -11"><span class='ocrx_word' id='word_1_194' title='bbox 171 1051 366 1097; x_wconf 50' lang='lat' dir='ltr'>doetrinae</span> <span class='ocrx_word' id='word_1_195' title='bbox 396 1051 622 1107; x_wconf 73' lang='lat' dir='ltr'>capitibus,</span> <span class='ocrx_word' id='word_1_196' title='bbox 655 1051 697 1097; x_wconf 83' lang='lat'>&amp;</span> <span class='ocrx_word' id='word_1_197' title='bbox 729 1065 778 1094; x_wconf 82' lang='lat' dir='ltr'>ex</span> <span class='ocrx_word' id='word_1_198' title='bbox 807 1051 1028 1105; x_wconf 85' lang='lat' dir='ltr'>priscorum</span> <span class='ocrx_word' id='word_1_199' title='bbox 1044 1052 1215 1096; x_wconf 84' lang='lat' dir='ltr'>Graeciae</span> <span class='ocrx_word' id='word_1_200' title='bbox 1262 1051 1362 1104; x_wconf 81' lang='lat' dir='ltr'>bus,</span> <span class='ocrx_word' id='word_1_201' title='bbox 1396 1051 1590 1095; x_wconf 69' lang='lat' dir='ltr'>doe‘trinae</span> <span class='ocrx_word' id='word_1_202' title='bbox 1615 1067 1661 1096; x_wconf 85' lang='lat' dir='ltr'>ac</span> <span class='ocrx_word' id='word_1_203' title='bbox 1684 1051 1806 1097; x_wconf 80' lang='lat' dir='ltr'>literae</span> <span class='ocrx_word' id='word_1_204' title='bbox 1822 1052 1980 1106; x_wconf 88' lang='lat' dir='ltr'>publice</span> <span class='ocrx_word' id='word_1_205' title='bbox 1997 1068 2148 1095; x_wconf 82' lang='lat' dir='ltr'>venum</span> <span class='ocrx_word' id='word_1_206' title='bbox 2166 1053 2305 1100; x_wconf 69' lang='lat' dir='ltr'>ibant⁴</span> 
     </span>
     <span class='ocr_line' id='line_1_18' title="bbox 175 1107 2307 1166; baseline 0 -13"><span class='ocrx_word' id='word_1_207' title='bbox 175 1111 404 1166; x_wconf 85' lang='lat' dir='ltr'>sapientum</span> <span class='ocrx_word' id='word_1_208' title='bbox 454 1108 849 1165; x_wconf 77' lang='lat' dir='ltr'>peregrinationibus</span> <span class='ocrx_word' id='word_1_209' title='bbox 898 1108 1215 1163; x_wconf 77' lang='lat' dir='ltr'>comprobatur,</span> <span class='ocrx_word' id='word_1_210' title='bbox 1322 1108 1456 1162; x_wconf 86' lang='lat' dir='ltr'>Igitur</span> <span class='ocrx_word' id='word_1_211' title='bbox 1489 1107 1673 1151; x_wconf 67' lang='lat' dir='ltr'>Chaldaei</span> <span class='ocrx_word' id='word_1_212' title='bbox 1694 1141 1705 1161; x_wconf 81' lang='lat'>,</span> <span class='ocrx_word' id='word_1_213' title='bbox 1735 1109 1864 1152; x_wconf 87' lang='lat' dir='ltr'>exorfi</span> <span class='ocrx_word' id='word_1_214' title='bbox 1895 1126 1917 1151; x_wconf 90' lang='lat' dir='ltr'>a</span> <span class='ocrx_word' id='word_1_215' title='bbox 1944 1109 2194 1153; x_wconf 87' lang='lat' dir='ltr'>naturalibus</span> <span class='ocrx_word' id='word_1_216' title='bbox 2212 1125 2307 1153; x_wconf 90' lang='lat' dir='ltr'>cau-</span> 
     </span>
     <span class='ocr_line' id='line_1_19' title="bbox 169 1164 2306 1220; baseline -0 -9"><span class='ocrx_word' id='word_1_217' title='bbox 169 1182 213 1211; x_wconf 84' lang='lat' dir='ltr'>ut</span> <span class='ocrx_word' id='word_1_218' title='bbox 277 1166 527 1210; x_wconf 89' lang='lat' dir='ltr'>Hebraicam</span> <span class='ocrx_word' id='word_1_219' title='bbox 574 1179 715 1208; x_wconf 85' lang='lat' dir='ltr'>tamen</span> <span class='ocrx_word' id='word_1_220' title='bbox 761 1165 977 1212; x_wconf 77' lang='lat' dir='ltr'>veritatem</span> <span class='ocrx_word' id='word_1_221' title='bbox 1036 1165 1213 1210; x_wconf 78' lang='lat' dir='ltr'>fabulosa</span> <span class='ocrx_word' id='word_1_222' title='bbox 1265 1164 1310 1208; x_wconf 78' lang='lat' dir='ltr'>sis</span> <span class='ocrx_word' id='word_1_223' title='bbox 1337 1197 1350 1218; x_wconf 80' lang='lat'>‚</span> <span class='ocrx_word' id='word_1_224' title='bbox 1399 1166 1445 1208; x_wconf 87' lang='lat' dir='ltr'>ad</span> <span class='ocrx_word' id='word_1_225' title='bbox 1478 1182 1610 1209; x_wconf 87' lang='lat' dir='ltr'>rerum</span> <span class='ocrx_word' id='word_1_226' title='bbox 1645 1165 1872 1213; x_wconf 85' lang='lat' dir='ltr'>futurarum</span> <span class='ocrx_word' id='word_1_227' title='bbox 1909 1165 2184 1220; x_wconf 67' lang='lat' dir='ltr'>praediffioncs</span> <span class='ocrx_word' id='word_1_228' title='bbox 2216 1179 2306 1210; x_wconf 87' lang='lat' dir='ltr'>ten-</span> 
     </span>
     <span class='ocr_line' id='line_1_20' title="bbox 172 1222 2307 1282; baseline 0 -16"><span class='ocrx_word' id='word_1_229' title='bbox 172 1227 409 1269; x_wconf 80' lang='lat' dir='ltr'>Graecorurn</span> <span class='ocrx_word' id='word_1_230' title='bbox 439 1222 674 1277; x_wconf 81' lang='lat' dir='ltr'>Theologia</span> <span class='ocrx_word' id='word_1_231' title='bbox 706 1222 972 1265; x_wconf 77' lang='lat' dir='ltr'>intertextam</span> <span class='ocrx_word' id='word_1_232' title='bbox 989 1222 1209 1278; x_wconf 86' lang='lat' dir='ltr'>deprehen·</span> <span class='ocrx_word' id='word_1_233' title='bbox 1263 1222 1444 1267; x_wconf 84' lang='lat' dir='ltr'>debant:</span> <span class='ocrx_word' id='word_1_234' title='bbox 1495 1235 1630 1265; x_wconf 88' lang='lat' dir='ltr'>motus</span> <span class='ocrx_word' id='word_1_235' title='bbox 1662 1223 1773 1282; x_wconf 81' lang='lat' dir='ltr'>euim</span> <span class='ocrx_word' id='word_1_236' title='bbox 1807 1223 2001 1267; x_wconf 78' lang='lat' dir='ltr'>astrorum</span> <span class='ocrx_word' id='word_1_237' title='bbox 2033 1223 2076 1271; x_wconf 68' lang='grc' dir='ltr'>ὅς</span> <span class='ocrx_word' id='word_1_238' title='bbox 2108 1223 2307 1269; x_wconf 76' lang='lat' dir='ltr'>mutatio-</span> 
     </span>
     <span class='ocr_line' id='line_1_21' title="bbox 171 1279 2306 1339; baseline -0 -14"><span class='ocrx_word' id='word_1_239' title='bbox 171 1284 333 1325; x_wconf 75' lang='lat' dir='ltr'>damus.</span> <span class='ocrx_word' id='word_1_240' title='bbox 367 1282 424 1323; x_wconf 81' lang='lat' dir='ltr'>Et</span> <span class='ocrx_word' id='word_1_241' title='bbox 458 1279 612 1323; x_wconf 75' lang='lat' dir='ltr'>vero-fi</span> <span class='ocrx_word' id='word_1_242' title='bbox 646 1279 758 1324; x_wconf 87' lang='lat' dir='ltr'>testes</span> <span class='ocrx_word' id='word_1_243' title='bbox 790 1279 1047 1336; x_wconf 77' lang='lat' dir='ltr'>antiquitatis</span> <span class='ocrx_word' id='word_1_244' title='bbox 1077 1280 1212 1339; x_wconf 81' lang='lat' dir='ltr'>magis</span> <span class='ocrx_word' id='word_1_245' title='bbox 1265 1295 1335 1322; x_wconf 87' lang='lat' dir='ltr'>nes</span> <span class='ocrx_word' id='word_1_246' title='bbox 1360 1311 1372 1332; x_wconf 80' lang='lat'>,</span> <span class='ocrx_word' id='word_1_247' title='bbox 1419 1279 1659 1336; x_wconf 81' lang='lat' dir='ltr'>cursumque</span> <span class='ocrx_word' id='word_1_248' title='bbox 1674 1283 1835 1324; x_wconf 77' lang='lat' dir='ltr'>‘rerum</span> <span class='ocrx_word' id='word_1_249' title='bbox 1870 1279 2096 1324; x_wconf 79' lang='lat' dir='ltr'>coelestium</span> <span class='ocrx_word' id='word_1_250' title='bbox 2130 1296 2198 1335; x_wconf 78' lang='lat' dir='ltr'>per</span> <span class='ocrx_word' id='word_1_251' title='bbox 2229 1280 2306 1327; x_wconf 83' lang='lat' dir='ltr'>tria</span> 
     </span>
     <span class='ocr_line' id='line_1_22' title="bbox 171 1336 2307 1395; baseline -0.001 -13"><span class='ocrx_word' id='word_1_252' title='bbox 171 1340 334 1387; x_wconf 68' lang='lat' dir='ltr'>i-:loneos</span> <span class='ocrx_word' id='word_1_253' title='bbox 366 1336 715 1391; x_wconf 81' lang='lat' dir='ltr'>consuluerimus,</span> <span class='ocrx_word' id='word_1_254' title='bbox 750 1337 885 1391; x_wconf 70' lang='lat' dir='ltr'>praesto</span> <span class='ocrx_word' id='word_1_255' title='bbox 914 1337 956 1381; x_wconf 90' lang='lat' dir='ltr'>in</span> <span class='ocrx_word' id='word_1_256' title='bbox 978 1336 1122 1391; x_wconf 84' lang='lat' dir='ltr'>primis</span> <span class='ocrx_word' id='word_1_257' title='bbox 1140 1353 1211 1382; x_wconf 80' lang='lat' dir='ltr'>no·</span> <span class='ocrx_word' id='word_1_258' title='bbox 1263 1337 1306 1385; x_wconf 84' lang='lat'>&amp;</span> <span class='ocrx_word' id='word_1_259' title='bbox 1349 1337 1648 1395; x_wconf 61' lang='lat' dir='ltr'>quadringenta</span> <span class='ocrx_word' id='word_1_260' title='bbox 1699 1353 1903 1382; x_wconf 86' lang='lat' dir='ltr'>annorum</span> <span class='ocrx_word' id='word_1_261' title='bbox 1937 1336 2074 1380; x_wconf 85' lang='lat' dir='ltr'>millia</span> <span class='ocrx_word' id='word_1_262' title='bbox 2107 1339 2226 1393; x_wconf 80' lang='lat' dir='ltr'>usque</span> <span class='ocrx_word' id='word_1_263' title='bbox 2259 1337 2307 1380; x_wconf 81' lang='lat' dir='ltr'>ad</span> 
     </span>
     <span class='ocr_line' id='line_1_23' title="bbox 171 1393 2305 1450; baseline -0 -11"><span class='ocrx_word' id='word_1_264' title='bbox 171 1397 229 1441; x_wconf 82' lang='lat' dir='ltr'>bis</span> <span class='ocrx_word' id='word_1_265' title='bbox 259 1396 336 1438; x_wconf 84' lang='lat' dir='ltr'>erit</span> <span class='ocrx_word' id='word_1_266' title='bbox 369 1394 655 1450; x_wconf 81' lang='lat' dir='ltr'>Megasthenes</span> <span class='ocrx_word' id='word_1_267' title='bbox 680 1426 692 1446; x_wconf 81' lang='lat'>‚</span> <span class='ocrx_word' id='word_1_268' title='bbox 726 1394 793 1449; x_wconf 88' lang='lat' dir='ltr'>qui</span> <span class='ocrx_word' id='word_1_269' title='bbox 826 1393 928 1448; x_wconf 90' lang='lat' dir='ltr'>apud</span> <span class='ocrx_word' id='word_1_270' title='bbox 961 1394 1214 1448; x_wconf 86' lang='lat' dir='ltr'>Eusebium,</span> <span class='ocrx_word' id='word_1_271' title='bbox 1266 1393 1687 1438; x_wconf 53' lang='lat' dir='ltr'>Alexandri‘ffitatem</span> <span class='ocrx_word' id='word_1_272' title='bbox 1721 1407 1860 1440; x_wconf 84' lang='lat' dir='ltr'>notata</span> <span class='ocrx_word' id='word_1_273' title='bbox 1893 1395 1926 1442; x_wconf 85' lang='lat' dir='ltr'>se</span> <span class='ocrx_word' id='word_1_274' title='bbox 1959 1394 2106 1438; x_wconf 89' lang='lat' dir='ltr'>habere</span> <span class='ocrx_word' id='word_1_275' title='bbox 2139 1427 2150 1446; x_wconf 87' lang='lat'><strong>‚</strong></span> <span class='ocrx_word' id='word_1_276' title='bbox 2183 1409 2305 1449; x_wconf 82' lang='lat' dir='ltr'>atque</span> 
     </span>
     <span class='ocr_line' id='line_1_24' title="bbox 170 1450 2305 1508; baseline -0 -13"><span class='ocrx_word' id='word_1_277' title='bbox 170 1455 212 1496; x_wconf 66' lang='lat' dir='ltr'>Sc</span> <span class='ocrx_word' id='word_1_278' title='bbox 244 1453 510 1497; x_wconf 77' lang='lat' dir='ltr'>Clementem</span> <span class='ocrx_word' id='word_1_279' title='bbox 547 1450 880 1494; x_wconf 78' lang='lat' dir='ltr'>Alexandrinum</span> <span class='ocrx_word' id='word_1_280' title='bbox 914 1452 971 1494; x_wconf 87' lang='lat' dir='ltr'>ait</span> <span class='ocrx_word' id='word_1_281' title='bbox 999 1483 1011 1505; x_wconf 84' lang='lat'>,</span> <span class='ocrx_word' id='word_1_282' title='bbox 1044 1452 1215 1505; x_wconf 80' lang='lat' dir='ltr'>omnia,</span> <span class='ocrx_word' id='word_1_283' title='bbox 1264 1451 1433 1498; x_wconf 61' lang='lat' dir='ltr'>colleeia</span> <span class='ocrx_word' id='word_1_284' title='bbox 1466 1451 1781 1508; x_wconf 78' lang='lat' dir='ltr'>gloriabantur,</span> <span class='ocrx_word' id='word_1_285' title='bbox 1815 1452 1960 1507; x_wconf 75' lang='lat' dir='ltr'>insigni</span> <span class='ocrx_word' id='word_1_286' title='bbox 1993 1467 2125 1499; x_wconf 79' lang='lat' dir='ltr'>errore</span> <span class='ocrx_word' id='word_1_287' title='bbox 2151 1452 2200 1494; x_wconf 83' lang='lat' dir='ltr'>ab</span> <span class='ocrx_word' id='word_1_288' title='bbox 2214 1452 2305 1507; x_wconf 82' lang='lat' dir='ltr'>opi-</span> 
     </span>
     <span class='ocr_line' id='line_1_25' title="bbox 170 1508 2298 1718; baseline -0 -167"><span class='ocrx_word' id='word_1_289' title='bbox 170 1526 258 1568; x_wconf 72' lang='lat' dir='ltr'>quae</span> <span class='ocrx_word' id='word_1_290' title='bbox 301 1523 453 1551; x_wconf 80' lang='lat' dir='ltr'>veteres</span> <span class='ocrx_word' id='word_1_291' title='bbox 503 1508 635 1550; x_wconf 72' lang='lat' dir='ltr'>Graeci</span> <span class='ocrx_word' id='word_1_292' title='bbox 683 1509 729 1551; x_wconf 89' lang='lat' dir='ltr'>de</span> <span class='ocrx_word' id='word_1_293' title='bbox 782 1521 924 1553; x_wconf 85' lang='lat' dir='ltr'>natura</span> <span class='ocrx_word' id='word_1_294' title='bbox 975 1508 1240 1718; x_wconf 55' lang='lat' dir='ltr'>scripserunt³</span> <span class='ocrx_word' id='word_1_295' title='bbox 1265 1509 1387 1555; x_wconf 72' lang='lat' dir='ltr'>nio-ne</span> <span class='ocrx_word' id='word_1_296' title='bbox 1421 1509 1467 1552; x_wconf 78' lang='lat' dir='ltr'>de</span> <span class='ocrx_word' id='word_1_297' title='bbox 1501 1509 1642 1552; x_wconf 85' lang='lat' dir='ltr'>mundi</span> <span class='ocrx_word' id='word_1_298' title='bbox 1676 1509 1925 1559; x_wconf 62' lang='lat' dir='ltr'>aeternitate,</span> <span class='ocrx_word' id='word_1_299' title='bbox 1958 1524 2080 1564; x_wconf 88' lang='lat' dir='ltr'>quam</span> <span class='ocrx_word' id='word_1_300' title='bbox 2116 1509 2183 1555; x_wconf 74' lang='lat' dir='ltr'>sibi</span> <span class='ocrx_word' id='word_1_301' title='bbox 2212 1523 2298 1562; x_wconf 83' lang='lat' dir='ltr'>per-</span> 
     </span>
    </p>
   </div>
   <div class='ocr_carea' id='block_1_2' title="bbox 1229 227 1236 347">
    <p class='ocr_par' dir='ltr' id='par_1_2' title="bbox 1229 227 1236 347">
     <span class='ocr_line' id='line_1_26' title="bbox 1229 227 1236 347; baseline 0 3123"><span class='ocrx_word' id='word_1_302' title='bbox 1229 227 1236 347; x_wconf 95' lang='lat' dir='ltr'> </span> 
     </span>
    </p>
   </div>
   <div class='ocr_carea' id='block_1_3' title="bbox 1231 614 1240 857">
    <p class='ocr_par' dir='ltr' id='par_1_3' title="bbox 1231 614 1240 857">
     <span class='ocr_line' id='line_1_27' title="bbox 1231 614 1240 857; baseline 0 2613"><span class='ocrx_word' id='word_1_303' title='bbox 1231 614 1240 857; x_wconf 95' lang='lat' dir='ltr'> </span> 
     </span>
    </p>
   </div>
   <div class='ocr_carea' id='block_1_4' title="bbox 136 1564 2357 3204">
    <p class='ocr_par' dir='ltr' id='par_1_4' title="bbox 136 1564 2357 3204">
     <span class='ocr_line' id='line_1_28' title="bbox 175 1564 2307 1621; baseline 0.001 -14"><span class='ocrx_word' id='word_1_304' title='bbox 175 1568 298 1621; x_wconf 69' lang='lat' dir='ltr'>petita</span> <span class='ocrx_word' id='word_1_305' title='bbox 329 1565 405 1610; x_wconf 74' lang='lat' dir='ltr'>esse</span> <span class='ocrx_word' id='word_1_306' title='bbox 437 1580 458 1608; x_wconf 89' lang='lat' dir='ltr'>a</span> <span class='ocrx_word' id='word_1_307' title='bbox 489 1564 756 1610; x_wconf 84' lang='lat' dir='ltr'>Brachmanis</span> <span class='ocrx_word' id='word_1_308' title='bbox 788 1565 890 1619; x_wconf 80' lang='lat' dir='ltr'>apud</span> <span class='ocrx_word' id='word_1_309' title='bbox 928 1565 1049 1607; x_wconf 77' lang='lat' dir='ltr'>Indos</span> <span class='ocrx_word' id='word_1_310' title='bbox 1071 1598 1081 1618; x_wconf 80' lang='lat'>,</span> <span class='ocrx_word' id='word_1_311' title='bbox 1115 1581 1214 1621; x_wconf 80' lang='lat' dir='ltr'>quos</span> <span class='ocrx_word' id='word_1_312' title='bbox 1268 1565 1497 1620; x_wconf 61' lang='lat' dir='ltr'>suaserant,</span> <span class='ocrx_word' id='word_1_313' title='bbox 1544 1566 1682 1609; x_wconf 84' lang='lat' dir='ltr'>oblato</span> <span class='ocrx_word' id='word_1_314' title='bbox 1717 1597 1726 1607; x_wconf 93' lang='lat'><strong><em>.</em></strong></span> <span class='ocrx_word' id='word_1_315' title='bbox 1771 1567 1953 1609; x_wconf 43' lang='lat' dir='ltr'>Chaldaei</span> <span class='ocrx_word' id='word_1_316' title='bbox 1986 1579 2122 1608; x_wconf 84' lang='lat' dir='ltr'>autem</span> <span class='ocrx_word' id='word_1_317' title='bbox 2155 1597 2167 1617; x_wconf 83' lang='lat'>‚</span> <span class='ocrx_word' id='word_1_318' title='bbox 2213 1565 2307 1611; x_wconf 80' lang='lat' dir='ltr'>teste</span> 
     </span>
     <span class='ocr_line' id='line_1_29' title="bbox 171 1621 2305 1679; baseline -0.002 -12"><span class='ocrx_word' id='word_1_319' title='bbox 171 1626 212 1669; x_wconf 72' lang='grc' dir='ltr'>ὅ(</span> <span class='ocrx_word' id='word_1_320' title='bbox 246 1623 399 1676; x_wconf 81' lang='lat' dir='ltr'>Judaeos</span> <span class='ocrx_word' id='word_1_321' title='bbox 445 1622 624 1679; x_wconf 83' lang='lat' dir='ltr'>appellat</span> <span class='ocrx_word' id='word_1_322' title='bbox 660 1653 671 1674; x_wconf 89' lang='lat'>‚</span> <span class='ocrx_word' id='word_1_323' title='bbox 718 1637 842 1678; x_wconf 82' lang='lat' dir='ltr'>eaque</span> <span class='ocrx_word' id='word_1_324' title='bbox 875 1623 1017 1665; x_wconf 87' lang='lat' dir='ltr'>omnia</span> <span class='ocrx_word' id='word_1_325' title='bbox 1053 1623 1212 1665; x_wconf 75' lang='lat' dir='ltr'>inveni-</span> <span class='ocrx_word' id='word_1_326' title='bbox 1268 1623 1449 1667; x_wconf 80' lang='lat' dir='ltr'>Diodoro</span> <span class='ocrx_word' id='word_1_327' title='bbox 1479 1657 1491 1678; x_wconf 82' lang='lat'>,</span> <span class='ocrx_word' id='word_1_328' title='bbox 1522 1623 1687 1667; x_wconf 89' lang='lat' dir='ltr'>fuerunt</span> <span class='ocrx_word' id='word_1_329' title='bbox 1718 1624 1900 1679; x_wconf 73' lang='lat' dir='ltr'>quaedam</span> <span class='ocrx_word' id='word_1_330' title='bbox 1933 1639 1980 1666; x_wconf 84' lang='lat' dir='ltr'>ex</span> <span class='ocrx_word' id='word_1_331' title='bbox 2015 1621 2305 1678; x_wconf 77' lang='lat' dir='ltr'>AEgyptiorum</span> 
     </span>
     <span class='ocr_line' id='line_1_30' title="bbox 174 1678 2307 1748; baseline -0 -24"><span class='ocrx_word' id='word_1_332' title='bbox 174 1682 206 1724; x_wconf 89' lang='lat' dir='ltr'>ri</span> <span class='ocrx_word' id='word_1_333' title='bbox 264 1681 390 1737; x_wconf 76' lang='lat' dir='ltr'>apud·</span> <span class='ocrx_word' id='word_1_334' title='bbox 423 1680 609 1723; x_wconf 82' lang='lat' dir='ltr'>barbaros</span> <span class='ocrx_word' id='word_1_335' title='bbox 649 1711 661 1732; x_wconf 84' lang='lat'>,</span> <span class='ocrx_word' id='word_1_336' title='bbox 704 1691 824 1735; x_wconf 84' lang='lat' dir='ltr'>atque</span> <span class='ocrx_word' id='word_1_337' title='bbox 873 1679 916 1721; x_wconf 89' lang='lat' dir='ltr'>in</span> <span class='ocrx_word' id='word_1_338' title='bbox 964 1679 1078 1722; x_wconf 84' lang='lat' dir='ltr'>India</span> <span class='ocrx_word' id='word_1_339' title='bbox 1126 1680 1239 1748; x_wconf 57' lang='lat' dir='ltr'>qui-&#39;</span> <span class='ocrx_word' id='word_1_340' title='bbox 1268 1681 1514 1724; x_wconf 81' lang='lat' dir='ltr'>sacerdotum</span> <span class='ocrx_word' id='word_1_341' title='bbox 1561 1679 1733 1725; x_wconf 83' lang='lat' dir='ltr'>familiis</span> <span class='ocrx_word' id='word_1_342' title='bbox 1765 1712 1777 1732; x_wconf 76' lang='lat'>,</span> <span class='ocrx_word' id='word_1_343' title='bbox 1819 1696 1905 1736; x_wconf 79' lang='lat' dir='ltr'>quae</span> <span class='ocrx_word' id='word_1_344' title='bbox 1948 1696 2027 1728; x_wconf 83' lang='lat' dir='ltr'>una</span> <span class='ocrx_word' id='word_1_345' title='bbox 2062 1678 2176 1722; x_wconf 79' lang='lat' dir='ltr'>simul</span> <span class='ocrx_word' id='word_1_346' title='bbox 2211 1694 2307 1723; x_wconf 89' lang='lat' dir='ltr'>cum</span> 
     </span>
     <span class='ocr_line' id='line_1_31' title="bbox 172 1735 2309 1808; baseline -0.001 -27"><span class='ocrx_word' id='word_1_347' title='bbox 172 1741 263 1781; x_wconf 82' lang='lat' dir='ltr'>dem</span> <span class='ocrx_word' id='word_1_348' title='bbox 321 1736 423 1792; x_wconf 82' lang='lat' dir='ltr'>apud</span> <span class='ocrx_word' id='word_1_349' title='bbox 481 1737 758 1780; x_wconf 85' lang='lat' dir='ltr'>Brachmanos</span> <span class='ocrx_word' id='word_1_350' title='bbox 782 1768 798 1791; x_wconf 57' lang='lat'><em>2</em></span> <span class='ocrx_word' id='word_1_351' title='bbox 831 1735 894 1782; x_wconf 86' lang='lat' dir='ltr'>.in</span> <span class='ocrx_word' id='word_1_352' title='bbox 951 1737 1064 1790; x_wconf 77' lang='lat' dir='ltr'>Syria</span> <span class='ocrx_word' id='word_1_353' title='bbox 1120 1752 1239 1808; x_wconf 46' lang='lat' dir='ltr'>vero?</span> <span class='ocrx_word' id='word_1_354' title='bbox 1267 1737 1467 1793; x_wconf 51' lang='lat' dir='ltr'>AEaeyptiis</span> <span class='ocrx_word' id='word_1_355' title='bbox 1500 1737 1673 1780; x_wconf 85' lang='lat' dir='ltr'>coloniis</span> <span class='ocrx_word' id='word_1_356' title='bbox 1705 1737 1870 1789; x_wconf 90' lang='lat' dir='ltr'>aBelo,</span> <span class='ocrx_word' id='word_1_357' title='bbox 1905 1737 2092 1791; x_wconf 85' lang='lat' dir='ltr'>Neptuni</span> <span class='ocrx_word' id='word_1_358' title='bbox 2115 1736 2309 1789; x_wconf 78' lang='lat' dir='ltr'>&amp;Lybiae</span> 
     </span>
     <span class='ocr_line' id='line_1_32' title="bbox 173 1792 2307 1849; baseline -0.001 -11"><span class='ocrx_word' id='word_1_359' title='bbox 173 1795 276 1848; x_wconf 86' lang='lat' dir='ltr'>apud</span> <span class='ocrx_word' id='word_1_360' title='bbox 328 1795 482 1845; x_wconf 82' lang='lat' dir='ltr'>Judaeos</span> <span class='ocrx_word' id='word_1_361' title='bbox 521 1825 533 1845; x_wconf 87' lang='lat'>,</span> <span class='ocrx_word' id='word_1_362' title='bbox 579 1809 751 1849; x_wconf 87' lang='lat' dir='ltr'>quorum</span> <span class='ocrx_word' id='word_1_363' title='bbox 798 1793 985 1846; x_wconf 81' lang='lat' dir='ltr'>gentium</span> <span class='ocrx_word' id='word_1_364' title='bbox 1033 1793 1238 1837; x_wconf 87' lang='lat' dir='ltr'>Philoso-·</span> <span class='ocrx_word' id='word_1_365' title='bbox 1297 1796 1350 1837; x_wconf 87' lang='lat' dir='ltr'>lio</span> <span class='ocrx_word' id='word_1_366' title='bbox 1375 1827 1386 1847; x_wconf 88' lang='lat'>‚</span> <span class='ocrx_word' id='word_1_367' title='bbox 1420 1796 1461 1836; x_wconf 86' lang='lat' dir='ltr'>in</span> <span class='ocrx_word' id='word_1_368' title='bbox 1493 1795 1748 1847; x_wconf 86' lang='lat' dir='ltr'>Babylonem</span> <span class='ocrx_word' id='word_1_369' title='bbox 1780 1793 1957 1836; x_wconf 72' lang='lat' dir='ltr'>deduCtis</span> <span class='ocrx_word' id='word_1_370' title='bbox 1982 1825 1994 1847; x_wconf 82' lang='lat'>‚</span> <span class='ocrx_word' id='word_1_371' title='bbox 2026 1792 2165 1836; x_wconf 74' lang='lat' dir='ltr'>eodem</span> <span class='ocrx_word' id='word_1_372' title='bbox 2193 1807 2307 1840; x_wconf 83' lang='lat' dir='ltr'>com-</span> 
     </span>
     <span class='ocr_line' id='line_1_33' title="bbox 175 1849 2307 1908; baseline -0.002 -13"><span class='ocrx_word' id='word_1_373' title='bbox 175 1852 316 1908; x_wconf 80' lang='lat' dir='ltr'>phiam</span> <span class='ocrx_word' id='word_1_374' title='bbox 350 1851 538 1892; x_wconf 83' lang='lat' dir='ltr'>omnium</span> <span class='ocrx_word' id='word_1_375' title='bbox 573 1851 690 1907; x_wconf 86' lang='lat' dir='ltr'>ponit</span> <span class='ocrx_word' id='word_1_376' title='bbox 721 1850 1041 1904; x_wconf 69' lang='lat' dir='ltr'>antiquissimam</span> <span class='ocrx_word' id='word_1_377' title='bbox 1078 1883 1086 1893; x_wconf 92' lang='lat'><strong><em>.</em></strong></span> <span class='ocrx_word' id='word_1_378' title='bbox 1119 1853 1216 1894; x_wconf 89' lang='lat' dir='ltr'>Un-</span> <span class='ocrx_word' id='word_1_379' title='bbox 1266 1851 1486 1905; x_wconf 71' lang='lat' dir='ltr'>migravit,</span> <span class='ocrx_word' id='word_1_380' title='bbox 1520 1850 1678 1906; x_wconf 81' lang='lat' dir='ltr'>fuitque</span> <span class='ocrx_word' id='word_1_381' title='bbox 1711 1868 1732 1893; x_wconf 89' lang='lat' dir='ltr'>a</span> <span class='ocrx_word' id='word_1_382' title='bbox 1763 1850 1861 1897; x_wconf 89' lang='lat' dir='ltr'>Belo</span> <span class='ocrx_word' id='word_1_383' title='bbox 1893 1850 1937 1893; x_wconf 86' lang='lat' dir='ltr'>in</span> <span class='ocrx_word' id='word_1_384' title='bbox 1973 1849 2307 1905; x_wconf 78' lang='lat' dir='ltr'>perpetuos-acer-</span> 
     </span>
     <span class='ocr_line' id='line_1_34' title="bbox 172 1907 2309 1964; baseline -0 -14"><span class='ocrx_word' id='word_1_385' title='bbox 172 1910 222 1955; x_wconf 77' lang='lat' dir='ltr'>de</span> <span class='ocrx_word' id='word_1_386' title='bbox 280 1908 383 1963; x_wconf 86' lang='lat' dir='ltr'>apud</span> <span class='ocrx_word' id='word_1_387' title='bbox 443 1908 695 1953; x_wconf 88' lang='lat' dir='ltr'>Numerium</span> <span class='ocrx_word' id='word_1_388' title='bbox 754 1907 1074 1962; x_wconf 82' lang='lat' dir='ltr'>Pythagoricum</span> <span class='ocrx_word' id='word_1_389' title='bbox 1129 1922 1214 1950; x_wconf 88' lang='lat' dir='ltr'>non</span> <span class='ocrx_word' id='word_1_390' title='bbox 1265 1910 1377 1951; x_wconf 73' lang='lat' dir='ltr'>dorio</span> <span class='ocrx_word' id='word_1_391' title='bbox 1411 1907 1468 1951; x_wconf 88' lang='lat' dir='ltr'>ibi</span> <span class='ocrx_word' id='word_1_392' title='bbox 1494 1908 1652 1962; x_wconf 79' lang='lat' dir='ltr'>locata,</span> <span class='ocrx_word' id='word_1_393' title='bbox 1687 1907 1936 1964; x_wconf 83' lang='lat' dir='ltr'>publicisque</span> <span class='ocrx_word' id='word_1_394' title='bbox 1963 1908 2309 1954; x_wconf 83' lang='lat' dir='ltr'>oneribusexem-</span> 
     </span>
     <span class='ocr_line' id='line_1_35' title="bbox 171 1962 2305 2021; baseline -0.001 -12"><span class='ocrx_word' id='word_1_395' title='bbox 171 1966 273 2010; x_wconf 88' lang='lat' dir='ltr'>alius</span> <span class='ocrx_word' id='word_1_396' title='bbox 315 1965 367 2007; x_wconf 86' lang='lat' dir='ltr'>est</span> <span class='ocrx_word' id='word_1_397' title='bbox 401 1962 514 2007; x_wconf 86' lang='lat' dir='ltr'>Plato</span> <span class='ocrx_word' id='word_1_398' title='bbox 554 1996 566 2016; x_wconf 83' lang='lat'>,</span> <span class='ocrx_word' id='word_1_399' title='bbox 611 1963 684 2006; x_wconf 78' lang='lat' dir='ltr'>nisi</span> <span class='ocrx_word' id='word_1_400' title='bbox 716 1966 881 2010; x_wconf 56' lang='lat' dir='ltr'>Graecus</span> <span class='ocrx_word' id='word_1_401' title='bbox 914 1964 1050 2007; x_wconf 87' lang='lat' dir='ltr'>Moses</span> <span class='ocrx_word' id='word_1_402' title='bbox 1076 1996 1089 2018; x_wconf 88' lang='lat'>,</span> <span class='ocrx_word' id='word_1_403' title='bbox 1120 1965 1215 2021; x_wconf 87' lang='lat' dir='ltr'>quia</span> <span class='ocrx_word' id='word_1_404' title='bbox 1266 1979 1330 2015; x_wconf 86' lang='lat' dir='ltr'>ta,</span> <span class='ocrx_word' id='word_1_405' title='bbox 1360 1978 1404 2008; x_wconf 89' lang='lat' dir='ltr'>ut</span> <span class='ocrx_word' id='word_1_406' title='bbox 1435 1964 1518 2015; x_wconf 82' lang='lat' dir='ltr'>eius</span> <span class='ocrx_word' id='word_1_407' title='bbox 1548 1965 1689 2021; x_wconf 86' lang='lat' dir='ltr'>posteri</span> <span class='ocrx_word' id='word_1_408' title='bbox 1717 1965 1952 2009; x_wconf 86' lang='lat' dir='ltr'>divinarum</span> <span class='ocrx_word' id='word_1_409' title='bbox 1977 1964 2020 2012; x_wconf 72' lang='grc' dir='ltr'>ὃς</span> <span class='ocrx_word' id='word_1_410' title='bbox 2053 1962 2305 2007; x_wconf 88' lang='lat' dir='ltr'>naturalium</span> 
     </span>
     <span class='ocr_line' id='line_1_36' title="bbox 174 2020 2307 2078; baseline -0.002 -12"><span class='ocrx_word' id='word_1_411' title='bbox 174 2037 260 2066; x_wconf 87' lang='lat' dir='ltr'>tam</span> <span class='ocrx_word' id='word_1_412' title='bbox 304 2021 418 2065; x_wconf 84' lang='lat' dir='ltr'>Plato</span> <span class='ocrx_word' id='word_1_413' title='bbox 458 2051 469 2070; x_wconf 77' lang='lat'><em>‚</em></span> <span class='ocrx_word' id='word_1_414' title='bbox 513 2035 633 2074; x_wconf 81' lang='lat' dir='ltr'>quam</span> <span class='ocrx_word' id='word_1_415' title='bbox 684 2020 932 2073; x_wconf 77' lang='lat' dir='ltr'>Pythagoras</span> <span class='ocrx_word' id='word_1_416' title='bbox 961 2022 1108 2067; x_wconf 81' lang='lat' dir='ltr'>Graeco</span> <span class='ocrx_word' id='word_1_417' title='bbox 1141 2022 1213 2064; x_wconf 89' lang='lat' dir='ltr'>ser·</span> <span class='ocrx_word' id='word_1_418' title='bbox 1267 2038 1399 2065; x_wconf 87' lang='lat' dir='ltr'>rerum</span> <span class='ocrx_word' id='word_1_419' title='bbox 1433 2022 1568 2066; x_wconf 86' lang='lat' dir='ltr'>studiis</span> <span class='ocrx_word' id='word_1_420' title='bbox 1589 2021 1756 2078; x_wconf 56' lang='lat' dir='ltr'>{quam</span> <span class='ocrx_word' id='word_1_421' title='bbox 1788 2020 2019 2066; x_wconf 84' lang='lat' dir='ltr'>Orientales</span> <span class='ocrx_word' id='word_1_422' title='bbox 2054 2020 2192 2075; x_wconf 83' lang='lat' dir='ltr'>populi</span> <span class='ocrx_word' id='word_1_423' title='bbox 2214 2035 2307 2062; x_wconf 87' lang='lat' dir='ltr'>om-</span> 
     </span>
     <span class='ocr_line' id='line_1_37' title="bbox 175 2076 2310 2135; baseline -0.001 -12"><span class='ocrx_word' id='word_1_424' title='bbox 175 2093 306 2124; x_wconf 80' lang='lat' dir='ltr'>mone</span> <span class='ocrx_word' id='word_1_425' title='bbox 334 2076 591 2130; x_wconf 75' lang='lat' dir='ltr'>reddiderunt</span> <span class='ocrx_word' id='word_1_426' title='bbox 620 2107 631 2129; x_wconf 88' lang='lat'><em>‚</em></span> <span class='ocrx_word' id='word_1_427' title='bbox 664 2076 857 2132; x_wconf 87' lang='lat' dir='ltr'>quidquid</span> <span class='ocrx_word' id='word_1_428' title='bbox 887 2077 981 2130; x_wconf 84' lang='lat' dir='ltr'>ipsis</span> <span class='ocrx_word' id='word_1_429' title='bbox 1013 2095 1033 2121; x_wconf 87' lang='lat' dir='ltr'>a</span> <span class='ocrx_word' id='word_1_430' title='bbox 1066 2079 1216 2122; x_wconf 77' lang='lat' dir='ltr'>Brach-</span> <span class='ocrx_word' id='word_1_431' title='bbox 1266 2095 1335 2123; x_wconf 87' lang='lat' dir='ltr'>nes</span> <span class='ocrx_word' id='word_1_432' title='bbox 1367 2081 1555 2135; x_wconf 82' lang='lat' dir='ltr'>Magiam</span> <span class='ocrx_word' id='word_1_433' title='bbox 1589 2081 1788 2125; x_wconf 81' lang='lat' dir='ltr'>vocabant</span> <span class='ocrx_word' id='word_1_434' title='bbox 1815 2112 1828 2131; x_wconf 77' lang='lat'>,</span> <span class='ocrx_word' id='word_1_435' title='bbox 1877 2095 1924 2123; x_wconf 86' lang='lat' dir='ltr'>ex</span> <span class='ocrx_word' id='word_1_436' title='bbox 1956 2079 2090 2134; x_wconf 86' lang='lat' dir='ltr'>patrio</span> <span class='ocrx_word' id='word_1_437' title='bbox 2123 2077 2310 2120; x_wconf 85' lang='lat' dir='ltr'>instituto</span> 
     </span>
     <span class='ocr_line' id='line_1_38' title="bbox 174 2132 2310 2190; baseline -0 -10"><span class='ocrx_word' id='word_1_438' title='bbox 174 2135 310 2180; x_wconf 85' lang='lat' dir='ltr'>manis</span> <span class='ocrx_word' id='word_1_439' title='bbox 341 2166 353 2187; x_wconf 87' lang='lat'>,</span> <span class='ocrx_word' id='word_1_440' title='bbox 397 2132 536 2185; x_wconf 66' lang='lat' dir='ltr'>this</span> <span class='ocrx_word' id='word_1_441' title='bbox 562 2166 574 2187; x_wconf 79' lang='lat'>‚</span> <span class='ocrx_word' id='word_1_442' title='bbox 622 2134 828 2190; x_wconf 77' lang='lat' dir='ltr'>AEgyptiis</span> <span class='ocrx_word' id='word_1_443' title='bbox 856 2165 868 2186; x_wconf 86' lang='lat'><strong>‚</strong></span> <span class='ocrx_word' id='word_1_444' title='bbox 900 2135 943 2179; x_wconf 67' lang='grc' dir='ltr'>δι</span> <span class='ocrx_word' id='word_1_445' title='bbox 974 2132 1118 2187; x_wconf 76' lang='lat' dir='ltr'>Judaeis</span> <span class='ocrx_word' id='word_1_446' title='bbox 1148 2137 1217 2178; x_wconf 84' lang='lat' dir='ltr'>ab·</span> <span class='ocrx_word' id='word_1_447' title='bbox 1265 2149 1457 2181; x_wconf 84' lang='lat' dir='ltr'>vacarent</span> <span class='ocrx_word' id='word_1_448' title='bbox 1482 2169 1490 2178; x_wconf 93' lang='lat'>.</span> <span class='ocrx_word' id='word_1_449' title='bbox 1537 2139 1699 2185; x_wconf 88' lang='lat' dir='ltr'>Horum</span> <span class='ocrx_word' id='word_1_450' title='bbox 1731 2135 1924 2180; x_wconf 60' lang='lat' dir='ltr'>doetrinae</span> <span class='ocrx_word' id='word_1_451' title='bbox 1955 2136 2064 2179; x_wconf 80' lang='lat' dir='ltr'>rivos</span> <span class='ocrx_word' id='word_1_452' title='bbox 2094 2135 2140 2176; x_wconf 90' lang='lat' dir='ltr'>ad</span> <span class='ocrx_word' id='word_1_453' title='bbox 2173 2134 2310 2180; x_wconf 82' lang='lat' dir='ltr'>Persas</span> 
     </span>
     <span class='ocr_line' id='line_1_39' title="bbox 175 2191 2307 2250; baseline -0.001 -13"><span class='ocrx_word' id='word_1_454' title='bbox 175 2194 365 2237; x_wconf 85' lang='lat' dir='ltr'>flulerant</span> <span class='ocrx_word' id='word_1_455' title='bbox 394 2223 403 2235; x_wconf 85' lang='lat'><strong>.</strong></span> <span class='ocrx_word' id='word_1_456' title='bbox 450 2192 542 2235; x_wconf 71' lang='lat' dir='ltr'>Nec</span> <span class='ocrx_word' id='word_1_457' title='bbox 563 2191 702 2234; x_wconf 38' lang='lat' dir='ltr'>:Plato</span> <span class='ocrx_word' id='word_1_458' title='bbox 731 2191 924 2236; x_wconf 86' lang='lat' dir='ltr'>diffitetur</span> <span class='ocrx_word' id='word_1_459' title='bbox 948 2193 1087 2240; x_wconf 83' lang='lat' dir='ltr'>-multa</span> <span class='ocrx_word' id='word_1_460' title='bbox 1121 2208 1215 2235; x_wconf 89' lang='lat' dir='ltr'>cum</span> <span class='ocrx_word' id='word_1_461' title='bbox 1262 2193 1429 2236; x_wconf 78' lang='lat' dir='ltr'>deduxit</span> <span class='ocrx_word' id='word_1_462' title='bbox 1458 2193 1638 2250; x_wconf 82' lang='lat' dir='ltr'>Magicae</span> <span class='ocrx_word' id='word_1_463' title='bbox 1670 2194 1774 2248; x_wconf 87' lang='lat' dir='ltr'>apud</span> <span class='ocrx_word' id='word_1_464' title='bbox 1804 2209 1872 2237; x_wconf 91' lang='lat' dir='ltr'>eos</span> <span class='ocrx_word' id='word_1_465' title='bbox 1886 2192 2106 2247; x_wconf 80' lang='lat' dir='ltr'>disciplinae</span> <span class='ocrx_word' id='word_1_466' title='bbox 2119 2191 2307 2247; x_wconf 89' lang='lat' dir='ltr'>princeps</span> 
     </span>
     <span class='ocr_line' id='line_1_40' title="bbox 179 2248 2357 2305; baseline -0.001 -12"><span class='ocrx_word' id='word_1_467' title='bbox 179 2250 254 2294; x_wconf 82' lang='lat' dir='ltr'>sese</span> <span class='ocrx_word' id='word_1_468' title='bbox 287 2281 299 2302; x_wconf 85' lang='lat'><strong>‚</strong></span> <span class='ocrx_word' id='word_1_469' title='bbox 344 2261 432 2291; x_wconf 88' lang='lat' dir='ltr'>turn</span> <span class='ocrx_word' id='word_1_470' title='bbox 464 2249 566 2291; x_wconf 86' lang='lat' dir='ltr'>alios</span> <span class='ocrx_word' id='word_1_471' title='bbox 596 2248 765 2291; x_wconf 74' lang='lat' dir='ltr'>Graeciae</span> <span class='ocrx_word' id='word_1_472' title='bbox 798 2248 994 2303; x_wconf 83' lang='lat' dir='ltr'>sapientes</span> <span class='ocrx_word' id='word_1_473' title='bbox 1022 2281 1034 2299; x_wconf 77' lang='grc'>,</span> <span class='ocrx_word' id='word_1_474' title='bbox 1078 2250 1215 2304; x_wconf 73' lang='lat' dir='ltr'>przeci-</span> <span class='ocrx_word' id='word_1_475' title='bbox 1265 2252 1495 2294; x_wconf 76' lang='lat' dir='ltr'>Zoroastres</span> <span class='ocrx_word' id='word_1_476' title='bbox 1524 2283 1536 2305; x_wconf 91' lang='lat'>,</span> <span class='ocrx_word' id='word_1_477' title='bbox 1569 2250 1647 2294; x_wconf 87' lang='lat' dir='ltr'>five</span> <span class='ocrx_word' id='word_1_478' title='bbox 1678 2250 1912 2293; x_wconf 61' lang='lat' dir='ltr'>Baffirianus</span> <span class='ocrx_word' id='word_1_479' title='bbox 1944 2248 1977 2292; x_wconf 84' lang='lat' dir='ltr'>is</span> <span class='ocrx_word' id='word_1_480' title='bbox 2009 2248 2132 2292; x_wconf 82' lang='lat' dir='ltr'>fuerit</span> <span class='ocrx_word' id='word_1_481' title='bbox 2161 2280 2174 2301; x_wconf 89' lang='lat'>‚</span> <span class='ocrx_word' id='word_1_482' title='bbox 2226 2248 2306 2291; x_wconf 83' lang='lat' dir='ltr'>five</span> <span class='ocrx_word' id='word_1_483' title='bbox 2354 2250 2357 2251; x_wconf 45' lang='lat'><em>⁷</em></span> 
     </span>
     <span class='ocr_line' id='line_1_41' title="bbox 136 2304 2308 2364; baseline -0 -15"><span class='ocrx_word' id='word_1_484' title='bbox 136 2310 257 2364; x_wconf 50' lang='lat' dir='ltr'>§pue</span> <span class='ocrx_word' id='word_1_485' title='bbox 288 2305 482 2350; x_wconf 84' lang='lat' dir='ltr'>Solonem</span> <span class='ocrx_word' id='word_1_486' title='bbox 523 2320 547 2358; x_wconf 83' lang='lat'>‚·</span> <span class='ocrx_word' id='word_1_487' title='bbox 567 2321 589 2347; x_wconf 86' lang='lat' dir='ltr'>a</span> <span class='ocrx_word' id='word_1_488' title='bbox 623 2305 801 2348; x_wconf 86' lang='lat' dir='ltr'>barbaris</span> <span class='ocrx_word' id='word_1_489' title='bbox 830 2306 877 2348; x_wconf 92' lang='lat' dir='ltr'>ad</span> <span class='ocrx_word' id='word_1_490' title='bbox 910 2307 1075 2350; x_wconf 79' lang='lat' dir='ltr'>Graecos</span> <span class='ocrx_word' id='word_1_491' title='bbox 1107 2319 1233 2348; x_wconf 89' lang='lat' dir='ltr'>tran--</span> <span class='ocrx_word' id='word_1_492' title='bbox 1265 2308 1403 2359; x_wconf 84' lang='lat' dir='ltr'>Persa,</span> <span class='ocrx_word' id='word_1_493' title='bbox 1435 2309 1498 2352; x_wconf 87' lang='lat' dir='ltr'>cui</span> <span class='ocrx_word' id='word_1_494' title='bbox 1521 2307 1732 2352; x_wconf 87' lang='lat' dir='ltr'>scientiam</span> <span class='ocrx_word' id='word_1_495' title='bbox 1748 2308 2098 2354; x_wconf 82' lang='lat' dir='ltr'>Brachmanorum</span> <span class='ocrx_word' id='word_1_496' title='bbox 2131 2304 2308 2348; x_wconf 81' lang='lat' dir='ltr'>attexuit</span> 
     </span>
     <span class='ocr_line' id='line_1_42' title="bbox 178 2361 2309 2419; baseline -0.002 -11"><span class='ocrx_word' id='word_1_497' title='bbox 178 2363 351 2416; x_wconf 77' lang='lat' dir='ltr'>stuliffe,</span> <span class='ocrx_word' id='word_1_498' title='bbox 391 2377 478 2418; x_wconf 83' lang='lat' dir='ltr'>quae</span> <span class='ocrx_word' id='word_1_499' title='bbox 522 2362 603 2416; x_wconf 87' lang='lat' dir='ltr'>post</span> <span class='ocrx_word' id='word_1_500' title='bbox 638 2379 670 2404; x_wconf 52' lang='lat' dir='ltr'>:a</span> <span class='ocrx_word' id='word_1_501' title='bbox 720 2363 874 2406; x_wconf 85' lang='lat' dir='ltr'>Graecis</span> <span class='ocrx_word' id='word_1_502' title='bbox 923 2363 1075 2406; x_wconf 85' lang='lat' dir='ltr'>reddita</span> <span class='ocrx_word' id='word_1_503' title='bbox 1108 2362 1240 2407; x_wconf 85' lang='lat' dir='ltr'>fuere&#39;</span> <span class='ocrx_word' id='word_1_504' title='bbox 1265 2365 1470 2419; x_wconf 83' lang='lat' dir='ltr'>Histaspes</span> <span class='ocrx_word' id='word_1_505' title='bbox 1502 2365 1620 2411; x_wconf 86' lang='lat' dir='ltr'>Darii</span> <span class='ocrx_word' id='word_1_506' title='bbox 1655 2378 1767 2419; x_wconf 86' lang='lat' dir='ltr'>pater</span> <span class='ocrx_word' id='word_1_507' title='bbox 1792 2397 1804 2419; x_wconf 85' lang='lat'>‚</span> <span class='ocrx_word' id='word_1_508' title='bbox 1835 2365 1901 2418; x_wconf 84' lang='lat' dir='ltr'>qui</span> <span class='ocrx_word' id='word_1_509' title='bbox 1935 2362 2051 2411; x_wconf 71' lang='lat' dir='ltr'>simul</span> <span class='ocrx_word' id='word_1_510' title='bbox 2087 2378 2181 2405; x_wconf 86' lang='lat' dir='ltr'>cum</span> <span class='ocrx_word' id='word_1_511' title='bbox 2216 2361 2309 2404; x_wconf 89' lang='lat' dir='ltr'>illo-</span> 
     </span>
     <span class='ocr_line' id='line_1_43' title="bbox 179 2418 2310 2478; baseline -0.001 -15"><span class='ocrx_word' id='word_1_512' title='bbox 179 2420 355 2466; x_wconf 85' lang='lat' dir='ltr'>meliora</span> <span class='ocrx_word' id='word_1_513' title='bbox 392 2451 400 2461; x_wconf 94' lang='lat'><strong><em>.</em></strong></span> <span class='ocrx_word' id='word_1_514' title='bbox 434 2419 697 2462; x_wconf 88' lang='lat' dir='ltr'>Democritus</span> <span class='ocrx_word' id='word_1_515' title='bbox 730 2435 853 2472; x_wconf 78' lang='lat' dir='ltr'>vere,</span> <span class='ocrx_word' id='word_1_516' title='bbox 887 2418 998 2471; x_wconf 86' lang='lat' dir='ltr'>cujus</span> <span class='ocrx_word' id='word_1_517' title='bbox 1029 2419 1108 2467; x_wconf 81' lang='lat' dir='ltr'>fuit</span> <span class='ocrx_word' id='word_1_518' title='bbox 1142 2420 1213 2463; x_wconf 87' lang='lat' dir='ltr'>mi—</span> <span class='ocrx_word' id='word_1_519' title='bbox 1266 2438 1356 2465; x_wconf 86' lang='lat' dir='ltr'>rum</span> <span class='ocrx_word' id='word_1_520' title='bbox 1408 2422 1590 2465; x_wconf 85' lang='lat' dir='ltr'>moribus</span> <span class='ocrx_word' id='word_1_521' title='bbox 1633 2435 1754 2478; x_wconf 87' lang='lat' dir='ltr'>atque</span> <span class='ocrx_word' id='word_1_522' title='bbox 1802 2420 1916 2467; x_wconf 80' lang='lat' dir='ltr'>sacris</span> <span class='ocrx_word' id='word_1_523' title='bbox 1948 2421 2089 2463; x_wconf 85' lang='lat' dir='ltr'>ritibus</span> <span class='ocrx_word' id='word_1_524' title='bbox 2120 2434 2208 2462; x_wconf 89' lang='lat' dir='ltr'>eam</span> <span class='ocrx_word' id='word_1_525' title='bbox 2243 2434 2310 2462; x_wconf 84' lang='lat' dir='ltr'>ac-</span> 
     </span>
     <span class='ocr_line' id='line_1_44' title="bbox 179 2475 2313 2533; baseline -0.002 -10"><span class='ocrx_word' id='word_1_526' title='bbox 179 2494 245 2522; x_wconf 87' lang='lat' dir='ltr'>rus</span> <span class='ocrx_word' id='word_1_527' title='bbox 277 2475 431 2532; x_wconf 81' lang='lat' dir='ltr'>ingenii</span> <span class='ocrx_word' id='word_1_528' title='bbox 466 2476 508 2518; x_wconf 83' lang='lat'>&amp;</span> <span class='ocrx_word' id='word_1_529' title='bbox 538 2477 728 2522; x_wconf 57' lang='lat' dir='ltr'>doetrinae</span> <span class='ocrx_word' id='word_1_530' title='bbox 759 2477 910 2521; x_wconf 87' lang='lat' dir='ltr'>candor</span> <span class='ocrx_word' id='word_1_531' title='bbox 942 2493 988 2521; x_wconf 90' lang='lat' dir='ltr'>ac</span> <span class='ocrx_word' id='word_1_532' title='bbox 1021 2493 1217 2529; x_wconf 86' lang='lat' dir='ltr'>morum,</span> <span class='ocrx_word' id='word_1_533' title='bbox 1267 2492 1424 2533; x_wconf 84' lang='lat' dir='ltr'>ceperat</span> <span class='ocrx_word' id='word_1_534' title='bbox 1467 2480 1510 2522; x_wconf 93' lang='lat' dir='ltr'>in</span> <span class='ocrx_word' id='word_1_535' title='bbox 1543 2477 1832 2522; x_wconf 72' lang='lat' dir='ltr'>amoenissimis</span> <span class='ocrx_word' id='word_1_536' title='bbox 1866 2478 2221 2519; x_wconf 82' lang='lat' dir='ltr'>Brachmanorum</span> <span class='ocrx_word' id='word_1_537' title='bbox 2258 2476 2313 2519; x_wconf 89' lang='lat' dir='ltr'>se·</span> 
     </span>
     <span class='ocr_line' id='line_1_45' title="bbox 177 2526 2313 2590; baseline 0 -11"><span class='ocrx_word' id='word_1_538' title='bbox 177 2536 389 2590; x_wconf 61' lang='lat' dir='ltr'>offloginta</span> <span class='ocrx_word' id='word_1_539' title='bbox 431 2548 560 2575; x_wconf 84' lang='lat' dir='ltr'>annos</span> <span class='ocrx_word' id='word_1_540' title='bbox 594 2533 733 2588; x_wconf 86' lang='lat' dir='ltr'>procul</span> <span class='ocrx_word' id='word_1_541' title='bbox 765 2550 787 2576; x_wconf 90' lang='lat' dir='ltr'>a</span> <span class='ocrx_word' id='word_1_542' title='bbox 820 2534 948 2588; x_wconf 86' lang='lat' dir='ltr'>patria</span> <span class='ocrx_word' id='word_1_543' title='bbox 982 2533 1015 2576; x_wconf 89' lang='lat' dir='ltr'>se</span> <span class='ocrx_word' id='word_1_544' title='bbox 1051 2526 1181 2577; x_wconf 79' lang='lat' dir='ltr'>Persas</span> <span class='ocrx_word' id='word_1_545' title='bbox 1206 2566 1217 2586; x_wconf 78' lang='lat'>,</span> <span class='ocrx_word' id='word_1_546' title='bbox 1266 2537 1463 2590; x_wconf 60' lang='lat' dir='ltr'>celsum,</span> <span class='ocrx_word' id='word_1_547' title='bbox 1499 2536 1567 2579; x_wconf 85' lang='lat' dir='ltr'>ubi</span> <span class='ocrx_word' id='word_1_548' title='bbox 1599 2536 1633 2581; x_wconf 86' lang='lat' dir='ltr'>se</span> <span class='ocrx_word' id='word_1_549' title='bbox 1665 2535 1734 2578; x_wconf 82' lang='lat' dir='ltr'>diu</span> <span class='ocrx_word' id='word_1_550' title='bbox 1767 2534 1941 2577; x_wconf 86' lang='lat' dir='ltr'>discendi</span> <span class='ocrx_word' id='word_1_551' title='bbox 1976 2533 2090 2577; x_wconf 83' lang='lat' dir='ltr'>causa</span> <span class='ocrx_word' id='word_1_552' title='bbox 2123 2533 2313 2579; x_wconf 81' lang='lat' dir='ltr'>condide-</span> 
     </span>
     <span class='ocr_line' id='line_1_46' title="bbox 182 2590 2316 2649; baseline -0 -16"><span class='ocrx_word' id='word_1_553' title='bbox 182 2590 425 2646; x_wconf 67' lang='lat' dir='ltr'>AEgyptios‚</span> <span class='ocrx_word' id='word_1_554' title='bbox 463 2590 608 2643; x_wconf 74' lang='lat' dir='ltr'>Indos,</span> <span class='ocrx_word' id='word_1_555' title='bbox 640 2590 1217 2646; x_wconf 78' lang='lat' dir='ltr'>aliasqueragionesremotis·</span> <span class='ocrx_word' id='word_1_556' title='bbox 1269 2606 1358 2635; x_wconf 85' lang='lat' dir='ltr'>rat.</span> <span class='ocrx_word' id='word_1_557' title='bbox 1404 2598 1440 2634; x_wconf 89' lang='lat' dir='ltr'><strong>A</strong></span> <span class='ocrx_word' id='word_1_558' title='bbox 1498 2608 1577 2649; x_wconf 86' lang='lat' dir='ltr'>qua</span> <span class='ocrx_word' id='word_1_559' title='bbox 1633 2590 1889 2638; x_wconf 83' lang='lat' dir='ltr'>institutione</span> <span class='ocrx_word' id='word_1_560' title='bbox 1955 2590 2115 2638; x_wconf 73' lang='lat' dir='ltr'>Perficae</span> <span class='ocrx_word' id='word_1_561' title='bbox 2165 2593 2316 2646; x_wconf 80' lang='lat' dir='ltr'>Mago-</span> 
     </span>
     <span class='ocr_line' id='line_1_47' title="bbox 180 2646 2317 2707; baseline -0 -15"><span class='ocrx_word' id='word_1_562' title='bbox 180 2651 296 2694; x_wconf 83' lang='lat' dir='ltr'>fimas</span> <span class='ocrx_word' id='word_1_563' title='bbox 338 2646 614 2693; x_wconf 57' lang='lat' dir='ltr'>dod‘trinarum</span> <span class='ocrx_word' id='word_1_564' title='bbox 657 2648 771 2690; x_wconf 86' lang='lat' dir='ltr'>causa</span> <span class='ocrx_word' id='word_1_565' title='bbox 815 2648 1022 2705; x_wconf 77' lang='lat' dir='ltr'>pererraffe</span> <span class='ocrx_word' id='word_1_566' title='bbox 1054 2649 1244 2707; x_wconf 71' lang='lat' dir='ltr'>scribit‚1</span> <span class='ocrx_word' id='word_1_567' title='bbox 1271 2666 1359 2692; x_wconf 89' lang='lat' dir='ltr'>rum</span> <span class='ocrx_word' id='word_1_568' title='bbox 1415 2649 1567 2697; x_wconf 80' lang='lat' dir='ltr'>fluxere</span> <span class='ocrx_word' id='word_1_569' title='bbox 1633 2647 1800 2691; x_wconf 66' lang='lat' dir='ltr'>familiae</span> <span class='ocrx_word' id='word_1_570' title='bbox 1862 2647 2073 2704; x_wconf 78' lang='lat' dir='ltr'>Religioni</span> <span class='ocrx_word' id='word_1_571' title='bbox 2130 2665 2176 2693; x_wconf 87' lang='lat' dir='ltr'>ac</span> <span class='ocrx_word' id='word_1_572' title='bbox 2219 2647 2317 2690; x_wconf 83' lang='lat' dir='ltr'>Phi-</span> 
     </span>
     <span class='ocr_line' id='line_1_48' title="bbox 179 2703 2315 2761; baseline -0 -12"><span class='ocrx_word' id='word_1_573' title='bbox 179 2722 265 2749; x_wconf 85' lang='lat' dir='ltr'>non</span> <span class='ocrx_word' id='word_1_574' title='bbox 298 2706 378 2747; x_wconf 73' lang='lat' dir='ltr'>fine</span> <span class='ocrx_word' id='word_1_575' title='bbox 413 2703 637 2749; x_wconf 81' lang='lat' dir='ltr'>multorum</span> <span class='ocrx_word' id='word_1_576' title='bbox 652 2719 747 2747; x_wconf 88' lang='lat' dir='ltr'>ante</span> <span class='ocrx_word' id='word_1_577' title='bbox 765 2703 798 2746; x_wconf 87' lang='lat' dir='ltr'>se</span> <span class='ocrx_word' id='word_1_578' title='bbox 819 2706 1058 2749; x_wconf 61' lang='lat' dir='ltr'>Graecorum</span> <span class='ocrx_word' id='word_1_579' title='bbox 1074 2721 1212 2748; x_wconf 81' lang='lat' dir='ltr'>exem·</span> <span class='ocrx_word' id='word_1_580' title='bbox 1238 2709 1245 2740; x_wconf 62' lang='grc' dir='ltr'>ί</span> <span class='ocrx_word' id='word_1_581' title='bbox 1270 2706 1461 2760; x_wconf 83' lang='lat' dir='ltr'>losophiae</span> <span class='ocrx_word' id='word_1_582' title='bbox 1502 2719 1721 2761; x_wconf 74' lang='lat' dir='ltr'>vperpetuo</span> <span class='ocrx_word' id='word_1_583' title='bbox 1775 2705 1914 2748; x_wconf 85' lang='lat' dir='ltr'>dicatae</span> <span class='ocrx_word' id='word_1_584' title='bbox 1941 2737 1950 2748; x_wconf 84' lang='lat'><strong>.</strong></span> <span class='ocrx_word' id='word_1_585' title='bbox 1979 2706 1981 2708; x_wconf 61' lang='grc'><strong>’</strong></span> <span class='ocrx_word' id='word_1_586' title='bbox 2017 2707 2182 2749; x_wconf 86' lang='lat' dir='ltr'>Horum</span> <span class='ocrx_word' id='word_1_587' title='bbox 2242 2705 2315 2748; x_wconf 93' lang='lat' dir='ltr'>do-</span> 
     </span>
     <span class='ocr_line' id='line_1_49' title="bbox 181 2742 2317 2819; baseline 0.001 -17"><span class='ocrx_word' id='word_1_588' title='bbox 181 2764 251 2819; x_wconf 84' lang='lat' dir='ltr'>plo</span> <span class='ocrx_word' id='word_1_589' title='bbox 283 2794 295 2814; x_wconf 84' lang='lat'>‚</span> <span class='ocrx_word' id='word_1_590' title='bbox 338 2761 407 2816; x_wconf 82' lang='lat' dir='ltr'>qui</span> <span class='ocrx_word' id='word_1_591' title='bbox 450 2761 622 2803; x_wconf 78' lang='lat' dir='ltr'>discendi</span> <span class='ocrx_word' id='word_1_592' title='bbox 658 2759 879 2816; x_wconf 81' lang='lat' dir='ltr'>cupiditate</span> <span class='ocrx_word' id='word_1_593' title='bbox 912 2776 993 2803; x_wconf 89' lang='lat' dir='ltr'>non</span> <span class='ocrx_word' id='word_1_594' title='bbox 1032 2775 1115 2804; x_wconf 88' lang='lat' dir='ltr'>tam</span> <span class='ocrx_word' id='word_1_595' title='bbox 1150 2742 1397 2818; x_wconf 62' lang='lat' dir='ltr'>pe-lfflina</span> <span class='ocrx_word' id='word_1_596' title='bbox 1422 2794 1434 2815; x_wconf 91' lang='lat'><strong>‚</strong></span> <span class='ocrx_word' id='word_1_597' title='bbox 1475 2778 1563 2818; x_wconf 77' lang='lat' dir='ltr'>quae</span> <span class='ocrx_word' id='word_1_598' title='bbox 1619 2761 1948 2808; x_wconf 66' lang='lat' dir='ltr'>Manichaeorum</span> <span class='ocrx_word' id='word_1_599' title='bbox 2003 2778 2184 2807; x_wconf 86' lang='lat' dir='ltr'>errorem</span> <span class='ocrx_word' id='word_1_600' title='bbox 2245 2777 2317 2818; x_wconf 88' lang='lat' dir='ltr'>pe-</span> 
     </span>
     <span class='ocr_line' id='line_1_50' title="bbox 181 2814 2321 2877; baseline 0 -16"><span class='ocrx_word' id='word_1_601' title='bbox 181 2819 480 2877; x_wconf 68' lang='lat' dir='ltr'>regrinationes</span> <span class='ocrx_word' id='word_1_602' title='bbox 515 2817 740 2871; x_wconf 85' lang='lat' dir='ltr'>suscepere,</span> <span class='ocrx_word' id='word_1_603' title='bbox 772 2832 894 2869; x_wconf 83' lang='lat' dir='ltr'>quam</span> <span class='ocrx_word' id='word_1_604' title='bbox 928 2817 1074 2863; x_wconf 78' lang='lat' dir='ltr'>exilia.</span> <span class='ocrx_word' id='word_1_605' title='bbox 1271 2821 1415 2874; x_wconf 84' lang='lat' dir='ltr'>perit,</span> <span class='ocrx_word' id='word_1_606' title='bbox 1457 2819 1536 2862; x_wconf 89' lang='lat' dir='ltr'>duo</span> <span class='ocrx_word' id='word_1_607' title='bbox 1568 2835 1702 2865; x_wconf 85' lang='lat' dir='ltr'>rerum</span> <span class='ocrx_word' id='word_1_608' title='bbox 1738 2814 1940 2874; x_wconf 70' lang='lat' dir='ltr'>principia</span> <span class='ocrx_word' id='word_1_609' title='bbox 1975 2821 2153 2875; x_wconf 87' lang='lat' dir='ltr'>ponebat</span> <span class='ocrx_word' id='word_1_610' title='bbox 2184 2849 2198 2873; x_wconf 84' lang='lat'><strong>,</strong></span> <span class='ocrx_word' id='word_1_611' title='bbox 2232 2835 2321 2862; x_wconf 81' lang='lat' dir='ltr'>ma-</span> 
     </span>
     <span class='ocr_line' id='line_1_51' title="bbox 241 2874 2316 2937; baseline -0 -17"><span class='ocrx_word' id='word_1_612' title='bbox 241 2875 392 2932; x_wconf 79' lang='lat' dir='ltr'>Quales</span> <span class='ocrx_word' id='word_1_613' title='bbox 434 2887 569 2917; x_wconf 81' lang='lat' dir='ltr'>autern</span> <span class='ocrx_word' id='word_1_614' title='bbox 620 2874 721 2927; x_wconf 85' lang='lat' dir='ltr'>apud</span> <span class='ocrx_word' id='word_1_615' title='bbox 764 2875 927 2918; x_wconf 81' lang='lat' dir='ltr'>Graecos</span> <span class='ocrx_word' id='word_1_616' title='bbox 980 2875 1110 2920; x_wconf 85' lang='lat' dir='ltr'>Poetae</span> <span class='ocrx_word' id='word_1_617' title='bbox 1140 2875 1220 2927; x_wconf 83' lang='lat' dir='ltr'>pri·</span> <span class='ocrx_word' id='word_1_618' title='bbox 1273 2877 1406 2919; x_wconf 84' lang='lat' dir='ltr'>lorum</span> <span class='ocrx_word' id='word_1_619' title='bbox 1451 2891 1578 2920; x_wconf 88' lang='lat' dir='ltr'>unum</span> <span class='ocrx_word' id='word_1_620' title='bbox 1607 2909 1619 2930; x_wconf 86' lang='lat'>,</span> <span class='ocrx_word' id='word_1_621' title='bbox 1662 2892 1786 2937; x_wconf 85' lang='lat' dir='ltr'>quem</span> <span class='ocrx_word' id='word_1_622' title='bbox 1821 2877 2069 2924; x_wconf 83' lang='lat' dir='ltr'>Arimanem</span> <span class='ocrx_word' id='word_1_623' title='bbox 2105 2909 2117 2933; x_wconf 57' lang='lat'>2</span> <span class='ocrx_word' id='word_1_624' title='bbox 2151 2876 2230 2920; x_wconf 87' lang='lat' dir='ltr'>hoc</span> <span class='ocrx_word' id='word_1_625' title='bbox 2260 2876 2316 2919; x_wconf 79' lang='lat' dir='ltr'>est</span> 
     </span>
     <span class='ocr_line' id='line_1_52' title="bbox 182 2929 2316 2990; baseline -0.001 -11"><span class='ocrx_word' id='word_1_626' title='bbox 182 2950 337 2987; x_wconf 83' lang='lat' dir='ltr'>mum,</span> <span class='ocrx_word' id='word_1_627' title='bbox 382 2932 510 2985; x_wconf 74' lang='lat' dir='ltr'>postea</span> <span class='ocrx_word' id='word_1_628' title='bbox 568 2929 804 2984; x_wconf 78' lang='lat' dir='ltr'>Philosophi</span> <span class='ocrx_word' id='word_1_629' title='bbox 842 2963 853 2981; x_wconf 80' lang='grc'><em>,</em></span> <span class='ocrx_word' id='word_1_630' title='bbox 905 2931 948 2977; x_wconf 87' lang='lat'>&amp;</span> <span class='ocrx_word' id='word_1_631' title='bbox 989 2931 1094 2986; x_wconf 88' lang='lat' dir='ltr'>apud</span> <span class='ocrx_word' id='word_1_632' title='bbox 1137 2935 1220 2976; x_wconf 85' lang='lat' dir='ltr'>Ro·</span> <span class='ocrx_word' id='word_1_633' title='bbox 1274 2935 1415 2980; x_wconf 84' lang='lat' dir='ltr'>Ditem</span> <span class='ocrx_word' id='word_1_634' title='bbox 1447 2965 1460 2987; x_wconf 81' lang='lat'>‚</span> <span class='ocrx_word' id='word_1_635' title='bbox 1503 2933 1580 2976; x_wconf 78' lang='lat' dir='ltr'>five</span> <span class='ocrx_word' id='word_1_636' title='bbox 1640 2948 1683 2977; x_wconf 89' lang='lat' dir='ltr'>ut</span> <span class='ocrx_word' id='word_1_637' title='bbox 1729 2950 1807 2990; x_wconf 84' lang='lat' dir='ltr'>ego</span> <span class='ocrx_word' id='word_1_638' title='bbox 1849 2935 2094 2988; x_wconf 85' lang='lat' dir='ltr'>interpretor</span> <span class='ocrx_word' id='word_1_639' title='bbox 2120 2966 2131 2987; x_wconf 88' lang='lat'>‚</span> <span class='ocrx_word' id='word_1_640' title='bbox 2183 2946 2316 2976; x_wconf 58' lang='lat' dir='ltr'>mate*</span> 
     </span>
     <span class='ocr_line' id='line_1_53' title="bbox 184 2987 2322 3046; baseline -0.001 -12"><span class='ocrx_word' id='word_1_641' title='bbox 184 3006 328 3036; x_wconf 89' lang='lat' dir='ltr'>manos</span> <span class='ocrx_word' id='word_1_642' title='bbox 372 2989 586 3032; x_wconf 72' lang='lat' dir='ltr'>Pontifices</span> <span class='ocrx_word' id='word_1_643' title='bbox 629 2988 670 3030; x_wconf 70' lang='lat'>3&lt;</span> <span class='ocrx_word' id='word_1_644' title='bbox 705 2987 986 3039; x_wconf 67' lang='lat' dir='ltr'>jurisconsulti</span> <span class='ocrx_word' id='word_1_645' title='bbox 1020 2989 1221 3034; x_wconf 86' lang='lat' dir='ltr'>duceban-</span> <span class='ocrx_word' id='word_1_646' title='bbox 1271 2992 1376 3034; x_wconf 87' lang='lat' dir='ltr'>riam</span> <span class='ocrx_word' id='word_1_647' title='bbox 1425 3004 1619 3046; x_wconf 86' lang='lat' dir='ltr'>tanquam</span> <span class='ocrx_word' id='word_1_648' title='bbox 1670 2993 1895 3039; x_wconf 83' lang='lat' dir='ltr'>tenebras:</span> <span class='ocrx_word' id='word_1_649' title='bbox 1942 2990 2051 3033; x_wconf 85' lang='lat' dir='ltr'>aliud</span> <span class='ocrx_word' id='word_1_650' title='bbox 2085 2992 2322 3042; x_wconf 87' lang='lat' dir='ltr'>bonorum,</span> 
     </span>
     <span class='ocr_line' id='line_1_54' title="bbox 186 3045 2325 3104; baseline -0.002 -12"><span class='ocrx_word' id='word_1_651' title='bbox 186 3063 250 3092; x_wconf 81' lang='lat' dir='ltr'>tur</span> <span class='ocrx_word' id='word_1_652' title='bbox 277 3064 286 3089; x_wconf 73' lang='grc' dir='ltr'>ε</span> <span class='ocrx_word' id='word_1_653' title='bbox 332 3045 429 3090; x_wconf 83' lang='lat' dir='ltr'>tales</span> <span class='ocrx_word' id='word_1_654' title='bbox 456 3079 468 3099; x_wconf 80' lang='lat'>‚</span> <span class='ocrx_word' id='word_1_655' title='bbox 523 3045 644 3100; x_wconf 80' lang='lat' dir='ltr'>longe</span> <span class='ocrx_word' id='word_1_656' title='bbox 706 3058 928 3098; x_wconf 79' lang='lat' dir='ltr'>antequam</span> <span class='ocrx_word' id='word_1_657' title='bbox 987 3046 1120 3088; x_wconf 77' lang='lat' dir='ltr'>Graeci</span> <span class='ocrx_word' id='word_1_658' title='bbox 1177 3063 1223 3089; x_wconf 83' lang='lat' dir='ltr'>ac</span> <span class='ocrx_word' id='word_1_659' title='bbox 1270 3064 1392 3102; x_wconf 87' lang='lat' dir='ltr'>quern</span> <span class='ocrx_word' id='word_1_660' title='bbox 1448 3048 1718 3093; x_wconf 86' lang='lat' dir='ltr'>Oromasclem</span> <span class='ocrx_word' id='word_1_661' title='bbox 1781 3046 2076 3104; x_wconf 84' lang='lat' dir='ltr'>appellabant,</span> <span class='ocrx_word' id='word_1_662' title='bbox 2135 3048 2211 3091; x_wconf 89' lang='lat' dir='ltr'>hoc</span> <span class='ocrx_word' id='word_1_663' title='bbox 2265 3047 2325 3090; x_wconf 79' lang='lat' dir='ltr'>est</span> 
     </span>
     <span class='ocr_line' id='line_1_55' title="bbox 188 3101 2323 3169; baseline -0.003 -17"><span class='ocrx_word' id='word_1_664' title='bbox 188 3104 368 3152; x_wconf 79' lang='lat' dir='ltr'>Romani</span> <span class='ocrx_word' id='word_1_665' title='bbox 401 3103 448 3147; x_wconf 86' lang='lat' dir='ltr'>ad</span> <span class='ocrx_word' id='word_1_666' title='bbox 479 3101 633 3147; x_wconf 82' lang='lat' dir='ltr'>famam</span> <span class='ocrx_word' id='word_1_667' title='bbox 663 3114 919 3159; x_wconf 80' lang='lat' dir='ltr'>emergerent</span> <span class='ocrx_word' id='word_1_668' title='bbox 950 3133 962 3157; x_wconf 85' lang='lat'>,</span> <span class='ocrx_word' id='word_1_669' title='bbox 1010 3103 1113 3159; x_wconf 83' lang='lat' dir='ltr'>apud</span> <span class='ocrx_word' id='word_1_670' title='bbox 1145 3103 1220 3147; x_wconf 79' lang='lat' dir='ltr'>Af·</span> <span class='ocrx_word' id='word_1_671' title='bbox 1270 3107 1452 3161; x_wconf 76' lang='lat' dir='ltr'>Jovem:</span> <span class='ocrx_word' id='word_1_672' title='bbox 1504 3117 1701 3161; x_wconf 82' lang='lat' dir='ltr'>tanquam</span> <span class='ocrx_word' id='word_1_673' title='bbox 1739 3104 1875 3152; x_wconf 88' lang='lat' dir='ltr'>lucem</span> <span class='ocrx_word' id='word_1_674' title='bbox 1904 3122 1913 3147; x_wconf 78' lang='grc' dir='ltr'>ε</span> <span class='ocrx_word' id='word_1_675' title='bbox 1950 3105 2054 3150; x_wconf 88' lang='lat' dir='ltr'>unde</span> <span class='ocrx_word' id='word_1_676' title='bbox 2086 3104 2206 3161; x_wconf 77' lang='lat' dir='ltr'>signis</span> <span class='ocrx_word' id='word_1_677' title='bbox 2227 3137 2246 3169; x_wconf 82' lang='lat'>.’</span> <span class='ocrx_word' id='word_1_678' title='bbox 2278 3104 2323 3145; x_wconf 61' lang='grc' dir='ltr'>ὃς</span> 
     </span>
     <span class='ocr_line' id='line_1_56' title="bbox 2225 3176 2330 3204; baseline 0 0"><span class='ocrx_word' id='word_1_679' title='bbox 2225 3176 2330 3204; x_wconf 75' lang='lat' dir='ltr'>ima-</span> 
     </span>
    </p>
   </div>
   <div class='ocr_carea' id='block_1_5' title="bbox 1234 1821 1240 1928">
    <p class='ocr_par' dir='ltr' id='par_1_5' title="bbox 1234 1821 1240 1928">
     <span class='ocr_line' id='line_1_57' title="bbox 1234 1821 1240 1928; baseline 0 1542"><span class='ocrx_word' id='word_1_680' title='bbox 1234 1821 1240 1928; x_wconf 95' lang='lat' dir='ltr'> </span> 
     </span>
    </p>
   </div>
   <div class='ocr_carea' id='block_1_6' title="bbox 1235 2377 1242 2511">
    <p class='ocr_par' dir='ltr' id='par_1_6' title="bbox 1235 2377 1242 2511">
     <span class='ocr_line' id='line_1_58' title="bbox 1235 2377 1242 2511; baseline 0 959"><span class='ocrx_word' id='word_1_681' title='bbox 1235 2377 1242 2511; x_wconf 95' lang='lat' dir='ltr'> </span> 
     </span>
    </p>
   </div>
   <div class='ocr_carea' id='block_1_7' title="bbox 1236 2513 1244 2651">
    <p class='ocr_par' dir='ltr' id='par_1_7' title="bbox 1236 2513 1244 2651">
     <span class='ocr_line' id='line_1_59' title="bbox 1236 2513 1244 2651; baseline 0 819"><span class='ocrx_word' id='word_1_682' title='bbox 1236 2513 1244 2651; x_wconf 95' lang='lat' dir='ltr'> </span> 
     </span>
    </p>
   </div>
  </div>
 </body>
</html>
