2451 3470
124 207 202 254 viri
232 222 245 260 ς
288 203 333 250 &
365 199 660 258 con-sanguinei
705 200 782 244 viri
815 201 992 244 evadunt
1023 200 1189 241 affines·

124 265 261 310 uxoris
285 275 299 305 ἐ
345 263 436 318 quia
471 276 564 303 cum
599 259 664 300 vir
694 257 737 299 δε
772 272 873 301 uxor
907 273 976 313 per
1010 272 1155 300 concu-

125 323 256 367 bitum
290 322 391 365 fiant
422 334 501 363 una
534 332 627 360 cato
656 331 667 367 3
712 315 959 371 consequens
991 313 1042 356 est
1070 345 1082 365 ,
1116 325 1159 356 ut

123 380 244 424 unius
284 377 477 434 cognatio
510 375 564 417 'in
609 373 784 416 alteram
830 370 1159 436 transfundatur.

122 436 261 493 Igitur
301 435 370 491 qui
417 430 658 482 conjune’lus
700 429 755 493 est
799 428 890 472 viro
932 445 972 471 in
1016 438 1160 491 quarto

127 494 252 551 gradu
283 488 676 547 consanguinitatiS,
709 502 754 529 in
786 486 928 553 eodem
949 487 1160 549 affinitatis

122 552 251 610 gradu
295 548 535 600 conjunctus
578 545 655 588 erit
696 560 849 588 uxori:
902 560 948 586 ac
992 543 1159 598 proinde

123 612 213 653 viro
247 621 410 654 mortuo
436 639 447 659 ,
479 604 601 647 illum
635 602 851 666 conjugem
885 599 1032 664 habere
1052 616 1153 664 *pro-

126 668 314 711 hibetur.
346 666 447 709 Haec
479 675 616 704 autern
651 660 1018 723 prohibitio-Viget
1052 669 1161 701 inter

124 741 257 768 unum
292 738 340 766 ex
373 719 613 774 conjugibus
644 717 686 758 ἃ
730 731 1021 773 cognationem
1055 715 1155 759 alte-

125 784 233 826 rius:
267 796 351 823 non
384 794 479 821 vero
513 778 622 819 inter
653 773 752 828 ipsas
783 775 968 828 personas
986 773 1158 837 duarum

124 839 447 897 cognationum.
480 830 681 887 Quamvis
712 845 813 893 ergo
843 842 955 894 pater
974 845 1068 873 cum
1083 830 1152 894 al!-

122 913 202 954 qua
245 893 415 939 muliere
458 888 666 933 coiverit:
725 887 835 930 filius
875 887 986 930 illius
1034 899 1160 951 patris

126 968 212 996 non
245 949 483 1008 prohibetur
524 961 619 989 cum
657 942 746 988 filia
777 943 962 988 mulieris
992 960 1042 989 ex
1075 944 1158 988 alio

124 1009 215 1053 viro
250 1008 424 1061 suscepta
458 1002 735 1047 contrahere.v
825 1058 833 1066 .
1069 1059 1075 1066 ¹

178 1068 385 1110 Vetantur
427 1061 508 1114 jure
541 1060 671 1104 Civili
719 1071 907 1123 nuptiae³
957 1076 979 1103 a
1010 1059 1157 1116 quibus

119 1123 224 1167 abest
258 1121 469 1166 consensus
512 1131 727 1173 parentum
755 1133 764 1158 :
811 1116 931 1160 hodie
963 1133 1058 1160 vero
1086 1133 1155 1171 pet

116 1180 362 1225 Concilium
395 1176 700 1221 Tridentinum·
728 1190 772 1218 ea
797 1176 1002 1220 necessitas
1024 1175 1148 1219 subla-

121 1238 385 1292 taest(a).

336 1347 782 1395 TITULUS
841 1349 922 1392 VL

424 1464 491 1509 De
522 1462 819 1520 Adoptionibus
831 1493 842 1506 .

231 1578 395 1624 Ascitur
415 1576 587 1625 secundo
608 1578 741 1621 Patria
760 1577 929 1634 potestas
945 1593 995 1622 ex
1011 1579 1116 1635 Lege
1131 1611 1144 1633 ‚
1162 1582 1166 1600 ¹

105 1578 224 1684 N
259 1652 408 1693 nempe
440 1651 510 1692 per
541 1635 822 1692 Adoptionem
851 1667 862 1678 .
907 1636 978 1700 Es}
1007 1650 1144 1680 autem

103 1695 289 1751 Adoptio
322 1693 508 1751 legitima
542 1694 670 1746 ratio,
702 1708 782 1749 qua
811 1693 879 1748 qui
905 1693 979 1736 filii
1002 1707 1144 1738 natura

105 1768 193 1796 non
228 1752 346 1802 sunt,
379 1766 450 1808 per
481 1750 614 1804 legem
648 1749 749 1793 tales
767 1750 1025 1794 efficiuntur.
1056 1752 1142 1816 Est-

105 1825 186 1867 que
216 1808 364 1866 duplex
393 1825 405 1850 :
456 1807 554 1852 Alia
586 1822 675 1863 quae
716 1807 866 1851 dicitur
889 1808 1116 1872 Adrogatio
1129 1840 1149 1863 ,A

110 1882 207 1911 cum
240 1866 393 1911 scilicet
425 1865 641 1920 'adoptatur
672 1863 731 1917 is,
762 1864 832 1921 qui
862 1865 916 1927 est
942 1864 997 1909 sui
1028 1866 1142 1921 juris,

107 1924 259 1980 quique
291 1923 434 1980 patriae
465 1921 652 1978 potestati
684 1936 770 1965 non
804 1921 976 1973 subjacet
1005 1954 1018 1976 ,
1062 1923 1142 1967 sive

108 1980 180 2037 qui
211 1981 264 2024 est
297 1979 616 2036 paterfamilia33
647 1978 752 2035 quod
786 1994 912 2034 genus
944 1980 1142 2044 venit-sub

106 2036 291 2093 generali
316 2036 571 2092 Adoptionis
611 2036 783 2079 nomine
808 2051 818 2077 τ
865 2035 963 2079 Alia
992 2037 1141 2082 dicitur

106 2094 352 2151 Adoptioin
371 2093 523 2149 specie,
556 2108 644 2148 quae
665 2091 817 2135 scilicet
834 2094 1004 2137 nomine
1027 2094 1136 2138 Ado-

106 2151 264 2207 ptionis
290 2150 516 2207 specialiter
536 2149 678 2202 venit;
701 2161 849 2204 nempe
864 2166 961 2194 cum
975 2151 1137 2207 adopta-

104 2221 171 2252 tur
199 2209 258 2263 is,
280 2209 349 2265 qui
377 2207 549 2259 subjacet
577 2205 758 2262 potestati
788 2207 913 2272 patris
928 2209 1138 2263 naturalis,

105 2266 185 2310 five
209 2265 338 2309 homo
363 2264 486 2308 alieni
514 2263 633 2315 juris·
668 2263 897 2318 Adrogano
918 2265 1026 2327 fitex
1040 2283 1137 2310 con-

99 2323 211 2367 sensu
237 2323 356 2378 ipsius
385 2321 565 2376 adrogati
582 2354 594 2375 ‚
627 2322 692 2366 vel
723 2322 916 2384 curatoris
933 2323 1108 2375 eiusdem
1125 2356 1136 2378 ,

99 2380 127 2424 fi
146 2396 241 2424 eum
265 2380 437 2433 habeat3
468 2380 510 2423 ἃ
531 2379 576 2422 fit
596 2394 666 2435 per
691 2379 928 2435 rescriptum
945 2381 1023 2425 five
1037 2397 1134 2425 eon-

100 2439 318 2482 ceffionem
342 2437 567 2492 Principis,
599 2438 641 2480 in
668 2452 791 2492 quem
813 2437 1057 2482 translatum
1082 2439 1136 2483 est

97 2494 158 2546 jus
191 2495 361 2550 Populi:
395 2494 491 2551 quia
523 2507 619 2537 ante
650 2494 794 2537 statum
811 2495 1135 2541 Monarchicum
1172 2510 1256 2557 fles
1278 2510 1401 2551 vero,
1430 2498 1501 2553 qui
1527 2499 1580 2542 ob
1602 2502 1852 2547 accidentale
1876 2505 1958 2562 aliq

1213 121 1263 176 c
1343 118 1400 172 U
1479 121 1524 172 L
1605 119 1686 175 A.
2149 135 2257 205 193

1278 193 1394 237 oiim
1418 193 1830 252 qualibetffdoptio,
1864 194 1941 240 five
1975 199 2087 247 fieret
2109 209 2250 254 abavo

1210 265 1397 296 materno
1419 285 1430 306 ,
1464 254 1541 296 live
1573 254 1624 296 ab
1654 266 1852 298 extraneo
1880 285 1892 307 ,
1927 255 2103 304 solvebat
2135 280 2250 320 pote-

1210 311 1352 357 statem
1384 312 1506 365 patris
1538 311 1762 365 naturalis,
1797 311 2067 359 rransferebat
2081 320 2253 376 adopta-.

1211 380 1299 411 tum
1333 368 1375 409 in
1411 369 1647 423 potestatem
1681 371 1805 425 patris
1835 369 2123 424 adoptamus:
2172 380 2248 424 ho-

1208 425 1271 467 die
1304 441 1400 469 vero
1433 426 1574 468 transit
1606 439 1768 473 tantum
1802 428 1845 471 in
1867 430 2249 490 potestatempatris

1207 483 1444 538 adoptantis»
1468 483 1528 536 is,
1561 484 1628 541 qui
1661 485 1881 541 adoptatur
1910 488 1963 530 ab
1991 504 2070 533 avo
2090 507 2243 539 mater-

1210 555 1262 581 no
1288 571 1302 593 ‚
1345 540 1407 583 vel
1449 541 1531 587 alio
1561 558 1610 586 ex
1643 542 1867 595 majoribus
1900 544 2014 589 suis:
2061 550 2242 609 reditque

1208 596 1252 639 in
1298 599 1532 652 potestatem
1590 601 1716 654 patris
1766 602 1962 647 naturalis
2008 605 2178 663 solum,
2220 613 2246 655 si

1206 655 1491 709 emancipetur
1522 673 1544 699 3
1576 670 1688 712 patre
1719 659 1938 716 adoptivo:
1974 661 2000 704 si
2033 681 2130 710 vero
2152 669 2244 723 quis

1206 712 1421 766 adoptetur
1461 714 1510 755 ab
1551 730 1751 761 extraneo
1776 751 1793 773 ,
1834 718 1879 763 in
1928 718 2040 766 illius
2071 726 2244 780 potesta-

1207 781 1290 811 tem
1323 784 1407 811 non
1440 769 1586 815 incidit
1617 805 1629 827 ‚
1673 789 1749 820 nee
1792 776 1961 821 solvitur
1992 795 2015 823 a
2048 784 2241 835 potestate

1207 825 1332 880 patris
1364 828 1561 876 naturalis
1590 863 1602 884 ,
1643 847 1773 889 neque
1817 834 1878 885 jus
1911 834 2170 885 successionis¹
2195 842 2241 886 in

1206 883 1331 938 patris
1361 886 1557 931 naturalis
1589 889 1707 937 bonis
1737 893 1897 936 amittit
1933 910 1945 947 3
1980 895 2044 939 sed
2073 910 2240 946 tantum

1205 941 1490 998 conseq-uitur,
1523 957 1567 989 ut
1598 946 1815 993 decedente
1851 951 1902 993 ab
1922 952 2111 998 intestato
2129 969 2241 1011 patre

1203 999 1395 1055 adoptivo
1425 1033 1437 1054 ‚
1487 1002 1535 1045 ad
1567 1002 1801 1059 legitimam
1830 1007 1914 1060 ejus
1947 1009 2235 1060 successionem

1202 1057 1468 1101 admittatur.
1503 1060 1588 1112 (b)
2118 1114 2122 1116 ,

1261 1115 1493 1171 Adrogatus
1523 1133 1618 1162 vero
1661 1120 1744 1165 fine
1788 1122 1873 1168 ullo
1904 1128 2062 1181 prorsus
2093 1129 2241 1175 discri-

1202 1170 1315 1215 mine
1342 1203 1354 1225 ‚
1394 1172 1474 1216 slve
1507 1190 1528 1217 3
1561 1177 1739 1231 personis
1772 1183 1997 1227 necessariis
2022 1217 2034 1238 ,
2079 1186 2170 1239 sive.
2188 1189 2238 1232 ab

1200 1243 1396 1273 extraneo
1437 1231 1688 1288 adrogetur,
1733 1236 1780 1280 in
1822 1241 2061 1294 potestatem
2096 1246 2239 1291 tranfit

1199 1287 1449 1344 adrogatoris
1478 1289 1559 1343 ipse
1592 1290 1712 1337 fimul
1745 1294 1788 1338 &
1821 1296 1898 1340 filii
1935 1299 1988 1342 sui
2019 1332 2031 1354 ‚
2065 1303 2134 1356 qui
2168 1305 2237 1346 ad-

1200 1346 1378 1401 rogatori
1411 1346 1512 1411 surge
1532 1347 1631 1393 loco
1660 1365 1860 1406 nepotum
1892 1356 1976 1408 (c).
2009 1360 2069 1403 At
2101 1359 2125 1401 fi
2164 1362 2235 1404 ad-

1199 1415 1363 1459 rogetur
1414 1403 1601 1461 impubes
1625 1438 1638 1461 ,
1689 1406 1874 1456 facienda
1928 1414 1982 1456 est
2025 1416 2234 1472 adrogatio

1196 1460 1310 1505 causa
1341 1462 1537 1518 cognita3
1565 1480 1618 1510 an
1652 1464 1807 1511 seilicet
1836 1484 1886 1514 ex
1919 1469 2089 1519 honesta
2119 1476 2235 1519 causa

1195 1519 1284 1573 qui-s
1313 1518 1529 1575 adroget-„u
1552 1553 1564 1575 ‚
1604 1522 1649 1567 δε
1691 1523 1811 1570 debet
1840 1527 2057 1584 adrogator
2088 1545 2235 1577 cavere

1195 1591 1265 1630 per
1294 1576 1535 1627 fideiussores
1561 1610 1574 1633 ,
1608 1580 1643 1625 se
1666 1612 1680 1634 ‚
1721 1582 1749 1624 fi
1780 1584 1995 1640 adrogatus
2034 1587 2236 1635 moriatur

1195 1633 1415 1689 impubes,
1460 1636 1566 1680 bona
1607 1638 1886 1687 restituturum
1931 1643 2018 1699 iis,
2063 1647 2132 1702 qui
2183 1648 2230 1691 in

1192 1691 1411 1736 morientis
1442 1693 1548 1737 bona
1592 1695 1849 1742 succederent
1881 1732 1894 1754 ‚
1945 1701 1972 1744 fi
2014 1703 2230 1760 adrogatio

1192 1747 1297 1792 fasta
1328 1765 1414 1794 non
1430 1750 1524 1794 effer
1543 1753 1635 1804 (d).
1671 1755 1790 1810 Quod
1810 1755 1838 1799 fi
1858 1758 2073 1815 adrogatus
2085 1777 2233 1806 eman·

1192 1805 1348 1860 cipetur
1369 1839 1384 1862 ,
1424 1822 1495 1852 aut
1527 1809 1608 1853 fine
1641 1812 1756 1856 causa
1790 1814 2057 1861 exheredetur
2081 1850 2095 1873 ,
2139 1836 2225 1864 non

1193 1863 1322 1908 solum
1365 1868 1619 1922 recuperabit
1660 1868 1768 1914 bona
1812 1872 1877 1917 sua
1919 1873 1965 1918 in
1995 1875 2228 1931 adrogatio-

1191 1921 1254 1964 nis
1283 1922 1454 1968 domurn
1474 1925 1701 1979 translata3
1731 1943 1873 1975 verum
1894 1931 2021 1976 etiarn
2036 1948 2227 1990 quartam

1191 1992 1347 2035 partem
1363 1980 1566 2026 bonorum
1587 1983 1844 2040 adrogatoris
1862 1990 2128 2046 consequetur
2143 2024 2155 2035 .
2173 1995 2233 2045 (e)

1246 2038 1457 2092 Quoniam
1489 2053 1628 2084 autem
1671 2043 1836 2099 adoptio
1881 2045 2071 2092 imitatur
2101 2063 2226 2094 natu-

1189 2105 1304 2144 ram3
1335 2094 1427 2141 ideo
1459 2098 1528 2152 qui
1556 2113 1625 2152 per
1648 2111 1838 2145 naturam
1863 2102 1969 2147 filios
1989 2104 2136 2150 habere
2152 2122 2223 2150 ne-

1187 2163 1343 2204 queunt
1359 2184 1371 2206 ‚
1391 2168 1521 2208 neque
1541 2155 1635 2199 illos
1656 2172 1726 2214 per
1739 2157 1871 2213 legem
1891 2161 2038 2207 habere
2054 2165 2227 2219 possunt.

1187 2208 1289 2251 Non
1304 2209 1463 2264 possunt
1486 2212 1613 2268 igitur
1637 2215 1829 2268 adoptare
1844 2248 1857 2270 ‚
1890 2218 1963 2262 nifi
1981 2220 2049 2277 qui
2065 2221 2231 2266 ossode-

1187 2266 1269 2309 cim
1295 2266 1416 2310 annis
1431 2270 1661 2324 praecedant
1685 2272 1951 2328 adoptatum:
1991 2293 2088 2321 nam
2110 2295 2229 2323 com-

1184 2323 1370 2367 munitus
1393 2339 1489 2370 ante
1514 2325 1620 2372 hanc
1638 2342 1802 2375 aetatem
1830 2331 2020 2380 homines
2033 2351 2116 2380 non
2133 2337 2224 2381 sunt

1184 2381 1231 2423 ad
1255 2383 1564 2434 generationem
1593 2385 1747 2431 habiles
1765 2419 1774 2430 .
1808 2389 1875 2433 Ob
1899 2392 2069 2437 eandem
2098 2394 2227 2443 ratio-

1184 2452 1281 2482 nem
1308 2439 1501 2495 adoptare
1527 2457 1737 2499 nequeunt
1760 2446 1916 2491 castrati
1941 2465 1950 2490 τ
1986 2447 2050 2505 (ί)
2076 2451 2229 2507 Spado-

1965 2509 2042 2551 uod
2070 2509 2224 2553 vicium

98 2564 284 2606 tempore
318 2551 574 2607 Re1publicae
605 2567 655 2595 ex
688 2551 865 2596 universi
888 2553 1032 2607 Populi
1057 2553 1136 2598 suf·
1183 2553 1463 2608 impediuntur
1479 2571 1588 2609 ‚non
1608 2573 1658 2602 ex
1677 2572 1849 2615 natura,
1885 2560 1947 2613 jus
1963 2563 2114 2609 habent
2128 2567 2225 2610 ado—

98 2607 234 2666 fragio
265 2609 476 2665 adrogatio
508 2609 776 2665 peragebatur
801 2642 810 2652 .
847 2611 897 2652 In
932 2611 1135 2668 Adoptio-

97 2681 151 2710 ne
186 2681 280 2709 vero
313 2665 358 2708 in
393 2665 518 2721 specie
553 2667 771 2723 requiritur
801 2667 1017 2712 consensus
1043 2669 1134 2725 ipsi-

99 2738 146 2767 us
176 2719 385 2779 adoptati,
420 2722 462 2765 &
494 2723 620 2778 patris
651 2723 849 2768 naturalis
874 2758 886 2779 ,
921 2726 990 2768 sub
1023 2727 1136 2779 cujus

99 2781 295 2837 potestate
326 2779 483 2823 existit:
520 2781 661 2824 sufficit
693 2796 791 2824 vero
823 2782 849 2824 si
883 2783 928 2826 sit
959 2784 1134 2840 tacitus,

96 2838 142 2882 δε
174 2838 244 2881 fiat
276 2836 460 2893 Adoptio
490 2850 585 2880 ante
619 2839 936 2895 Magistratum3
968 2857 1064 2886 curn
1085 2843 1132 2887 fit

98 2895 209 2939 aetus
241 2895 475 2951 lighimus,
509 2893 588 2937 sive
621 2894 841 2938 solemnis.

149 2948 152 2951 ’
230 2954 332 3007 Jani
362 2954 576 2996 Gravius.
608 2953 724 2994 Tom.
756 2954 812 2995 Π.

730 3026 1132 3045 ,α’-Ἅ--νω-ῄ

306 3031 409 3039 -ι-

203 3066 222 3102 )
248 3064 330 3107 Seff.
360 3075 402 3101 24
429 3073 455 3095 c.
475 3074 500 3095 1.
519 3063 556 3095 de
572 3063 712 3104 Reform.
733 3065 886 3096 marrim.,

302 3111 408 3150 penul.
430 3111 462 3139 C.
485 3109 523 3140 de
537 3105 777 3149 Adon-ionibus
794 3130 803 3139 .

320 3163 365 3193 13.
383 3164 424 3192 40
452 3156 496 3185 D.
513 3153 622 3195 adopt.

92 3030 105 3044 .
139 3066 160 3105 <

141 3110 163 3150 Ε

144 3155 166 3237 ((
328 3207 376 3239 17.
394 3198 501 3241 infin·
522 3197 560 3231 <5
576 3197 644 3241 seq.
665 3201 710 3232 D.
728 3197 768 3231 de
784 3198 906 3241 Adope.
920 3199 944 3234 l·
961 3210 991 3234 2.
1008 3201 1042 3236 0.
1062 3197 1130 3234 eod.

176 3108 286 3148 1,)1..

179 3153 226 3192 c)
251 3157 288 3186 L.

182 3199 239 3239 d)
261 3200 296 3231 L.

1184 2611 1350 2665 ptandi3
1382 2612 1476 2669 quia
1505 2613 1658 2658 sublato
1687 2616 1796 2663 vicio
1820 2619 1978 2673 possunt
2005 2623 2112 2677 spem
2130 2639 2223 2678 pro-

1184 2667 1234 2711 lis
1254 2684 1513 2725 recuperare.
1541 2673 1605 2729 (g)
1630 2673 1741 2720 Tam
1761 2687 1902 2720 autem-
1929 2677 1971 2720 in
1995 2679 2222 2738 locumfilii

1182 2726 1417 2781 permissum
1440 2729 1495 2772 est
1519 2731 1741 2787 adoptare3
1774 2748 1898 2789 quam
1927 2735 1969 2779 iu
1992 2735 2129 2781 locum
2150 2754 2222 2782 ne·

1180 2784 1286 2839 potis
1308 2816 1323 2838 ,
1345 2786 1585 2842 pronepotis
1611 2819 1624 2842 ,
1646 2802 1716 2833 aut
1746 2790 1998 2847 sequentium
2020 2827 2032 2837 .
2063 2796 2137 2838 Per
2167 2795 2221 2838 le-

1177 2856 1272 2897 gem
1313 2858 1410 2886 vero
1445 2845 1635 2899 adoptare
1667 2849 1947 2904 impediuntur
1995 2851 2182 2896 foeminae·
2210 2867 2220 2893 τ

1178 2914 1274 2944 cum
1296 2915 1461 2955 capaces
1488 2917 1572 2945 non
1598 2902 1679 2948 fint
1708 2907 1851 3005 pxi3trgae
1878 2908 2109 2963 potestatis3
2142 2908 2218 3008 hosek

2163 2980 2182 3008 e

1500 3036 1892 3050 *fl—wm-
2106 3040 2210 3055 m

1389 3071 1451 3100 ult.
1470 3073 1511 3101 D.
1534 3069 1565 3110 st
1594 3072 1673 3113 quid
1701 3075 1735 3105 in
1747 3074 1858 3114 fraud.

1401 3115 1447 3144 16.
1462 3117 1508 3146 D.
1535 3116 1668 3158 Adop.l
1695 3126 1740 3154 39-
1762 3120 1894 3160 D.Jur.
1910 3119 1979 3157 don,-

1399 3167 1472 3198 128.
1493 3162 1537 3194 D.
1558 3159 1770 3204 Verhfignif.

1178 3033 1285 3043 ..—

1219 3065 1293 3107 (el
1334 3070 1370 3098 L.

1221 3111 1371 3157 (f)L

1220 3155 1380 3199 (ωε.
