2451 3470
235 144 309 193 66
695 210 701 217 ⁵
711 139 755 209 J.
835 137 902 189 v.

231 211 416 272 glandi8‚
447 207 560 262 cujus
590 224 759 253 nomine
791 208 942 253 fructus
976 211 1147 253 veniunt
1169 226 1260 254 otn-

229 286 332 324 ne5‚
366 270 408 312 in
440 267 569 312 vicini
601 267 774 310 fundum
806 267 1274 323 delapsae'colligendae,

232 342 354 384 atque
404 326 560 370 arboris
595 324 644 367 in
679 326 912 379 proximum
945 323 1118 367 fundum
1152 325 1277 368 ramis

237 384 488 431 excurrentis
520 381 636 438 pedes
665 382 803 424 decern
833 398 857 423 3
891 396 994 424 terra
1024 381 1146 424 altius
1165 397 1277 425 coer-

239 441 375 488 cendae
405 441 642 496 potestatem
671 438 788 480 dabat
807 470 818 480 .
850 438 1017 482 Finibus
1039 454 1198 495 quoque
1216 454 1275 482 re·

246 498 393 557 gundis
422 499 592 540 modum
604 495 898 549 constituebat,
930 497 1124 551 exemplo
1140 499 1279 552 legum

243 557 479 601 Atticarum
502 585 515 605 ‚
545 563 719 607 quarum
751 551 954 596 rationem
984 553 1125 597 diserte
1138 555 1283 597 descri-

247 626 363 671 ptam
406 610 580 666 prodidit
627 607 751 659 cajus
778 638 791 660 ,
833 610 923 661 (a)
961 609 1004 652 ὃ(
1035 611 1204 666 elicitur
1234 628 1283 655 ex

246 671 356 714 Cod.
386 665 559 711 Teodos.
593 665 679 716 (b)
710 664 778 707 ubi
808 680 859 708 ex
893 666 1051 721 legibus
1079 671 1284 713 X·11.Ta-

255 726 339 770 bul.
364 724 606 781 prohibetur
627 721 816 784 usucapio
828 722 1008 780 quinque
1024 726 1170 781 pedum
1189 742 1284 769 con-

250 783 401 828 finibus
431 780 568 824 fundis
600 778 931 830 interye&orum.
963 783 1030 825 Est
1063 783 1202 840 aliqua
1224 785 1284 826 in-

245 853 313 884 ter
352 840 450 882 duos
491 836 584 879 illos
617 835 728 878 locos
760 835 947 881 leE‘tionis
979 839 1244 896 discrepantia
1272 873 1284 894 ,

253 899 300 940 de
331 911 407 951 qua
442 894 613 936 seorsum
646 892 744 936 alias
775 893 1031 940 disseremus.
1064 899 1128 941 De
1162 896 1285 941 colle·

1021 137 1887 213 GRAVINAE.

1337 207 1383 251 de
1416 211 1751 264 subueff‘tebantur
1780 211 1866 263 jura
1893 210 2197 270 sepulcrorum,
2225 213 2370 262 omnia

1311 255 1417 320 {fere
1449 269 1495 311 de
1526 269 1688 312 Solonis
1722 270 1847 323 petita
1879 269 2065 325 legibus:
2119 275 2252 317 veluti
2281 290 2374 317 mo-

1334 325 1405 367 dus
1439 327 1480 368 in
1505 326 1709 370 sumtibus
1740 341 1840 382 quos
1869 328 1997 371 Solon
2024 329 2211 374 triduano
2228 332 2372 376 decem

1336 382 1556 426 hominum
1597 384 1733 427 labore
1782 384 1996 429 definierat
2042 384 2128 440 [f]
2173 388 2372 444 Idemque

1335 453 1549 492 vetuerat,
1581 456 1828 496 quemquam
1863 440 1904 483 in
1922 441 2017 485 urbe
2031 443 2231 488 humari:
2265 445 2372 488 unde

1331 499 1376 541 ὃς
1422 500 1622 540 Romanis
1664 511 1779 540 extra
1826 498 1969 541 urbem
2017 497 2128 544 locus
2160 502 2372 558 sepulturae

1332 556 1533 608 dabatur3
1566 556 1671 610 quod
1703 554 1762 605 jus
1793 555 2047 599 Theodosius
2066 557 2372 614 [gJConstan-

1334 612 1510 665 tinopoli
1557 612 1700 654 servari
1736 611 1869 655 voluit
1899 643 1909 653 .
1943 613 2178 667 ‘Summum
2207 630 2372 671 quoque

1337 668 1596 711 vitandorum
1630 669 1763 724 gratia
1797 683 1988 712 murratae
2021 670 2372 726 potionisadsper-

1335 725 1488 769 sionem
1515 757 1527 778 ,
1573 726 1616 769 ὃς
1650 727 1854 769 servorum
1887 727 2101 770 unfituram
2133 741 2258 784 atque
2289 728 2372 773 cir-

1334 785 1723 837 cumpotationem,
1764 783 1809 825 &
1857 783 1999 839 longas
2046 800 2249 838 coronas,
2292 785 2373 830 five

1336 854 1423 895 quae
1456 839 1644 895 sepulcris
1675 840 2001 883 advolvebantur
2030 857 2042 892 ς
2085 842 2102 895 [
2134 842 2218 894 jam
2249 842 2318 886 diu
2348 859 2375 886 a

1336 900 1542 939 servorum
1576 896 1785 940 funeribus
1815 897 1980 940 Solonis
2015 898 2106 954 lege
2138 899 2318 953 depulsa-s
2348 900 2369 953 ]

249 954 327 1009 giis
368 951 493 994 etiam
540 950 741 992 sancitum
785 950 925 996 eadem
969 955 1134 997 Tabula
1162 966 1280 1007 erat,
1329 953 1376 995 &
1407 953 1673 1002 injeffionem
1706 954 1792 996 auri
1824 955 1983 998 decima
2013 956 2098 998 haee
2120 956 2282 999 Tabula
2302 956 2370 999 su·-

249 1008 567 1066 permissumque
603 1006 800 1050 sodalibus
833 1020 906 1062 ut,
939 1026 1063 1066 quam
1098 1011 1284 1064 vellent,

248 1065 319 1109 fibi
361 1064 492 1120 legem
524 1063 677 1106 ferrent
708 1095 718 1115 2
764 1065 860 1108 dum
896 1082 945 1110 ne
978 1068 1150 1122 publicis
1182 1068 1285 1124 legi·

248 1123 320 1166 bus
349 1121 644 1165 adversaretur.
678 1122 758 1173 (c)
791 1123 910 1176 Quod
941 1139 962 1168 e
988 1125 1138 1170 Solone
1156 1137 1283 1170 trans-

249 1179 384 1224 latum
416 1177 489 1221 effe
516 1209 528 1230 ,
561 1178 687 1228 Caius
719 1180 908 1222 notavit.

302 1238 433 1280 Nona
463 1235 655 1287 Tabula,
686 1251 774 1290 qua·
804 1236 851 1279 de
879 1235 967 1289 jure
988 1239 1152 1294 publico
1172 1250 1285 1291 erat,

251 1308 301 1338 ex
333 1292 497 1336 Solonis
526 1292 653 1335 etiam
687 1292 910 1349 praescripto
930 1296 1173 1352 privilegia,
1207 1296 1285 1339 five

259 1351 366 1407 leges
408 1350 451 1392 in
493 1349 698 1405 privatum
732 1349 902 1408 irrogari
928 1383 939 1403 ,
971 1353 1014 1396 δί
1045 1354 1091 1397 de
1123 1354 1284 1408 privato

253 1406 389 1464 rogari
430 1407 675 1450 vetabatur.
725 1408 847 1450 Porro
894 1410 1098 1466 privilegii
1131 1425 1283 1453 nomen

248 1464 334 1509 alio
366 1462 543 1507 trahitur
568 1479 590 1505 a
618 1463 948 1518 Jurisconsultis‚
979 1468 1282 1522 quaminXlI.

244 1520 402 1566 Tabul.
435 1520 633 1576 accipitur
659 1536 670 1572 3
695 1521 862 1580 ⁴quippe
896 1524 1117 1578 porrigitur
1148 1525 1195 1567 ad
1225 1524 1284 1567 le-

253 1594 322 1636 ges
371 1593 434 1621 eas
463 1609 475 1631 ,
519 1577 663 1633 quibus
702 1592 771 1621 aut
802 1579 900 1630 juris
933 1582 1066 1626 civilis
1099 1581 1284 1637 asperitas

249 1651 358 1679 nova
400 1635 587 1690 aequitate
631 1634 920 1690 dumulcetur,
965 1650 1032 1682 aut
1081 1639 1130 1683 de
1163 1638 1282 1682 certis

247 1693 508 1750 personarum
537 1692 753 1747 generibus
777 1692 932 1750 aliquid
961 1696 1058 1739 novi
1079 1696 1166 1751 lege
1185 1710 1279 1739 con-

248 1750 428 1794 stituitur
448 1781 457 1792 .
495 1750 684 1792 Praeterea
717 1751 763 1793 de
794 1752 926 1807 capite
960 1752 1066 1796 civis
1102 1752 1283 1796 Romani

248 1808 324 1851 nisi
361 1805 548 1851 comitiis
581 1807 818 1851 centuriatis
851 1824 918 1863 per
951 1809 1056 1853 hanc
1075 1810 1284 1854 Tabulam

251 1864 349 1909 ferri
384 1863 561 1906 minime
595 1863 777 1917 licebat3
809 1865 900 1908 ideo
935 1868 1159 1922 Quaestores
1192 1883 1280 1922 par—

247 1921 380 1966 xicidii
415 1921 763 1964 constituebantur
794 1938 816 1965 a
848 1924 1004 1977 Populo
1032 1957 1042 1975 ,
1075 1924 1143 1980 qui
1177 1923 1283 1979 capi-

249 1979 404 2024 talibus
448 1978 563 2021 rebus
607 1976 812 2033 praeessent
836 2010 845 2021 .
897 1982 985 2033 (d)
1020 1984 1206 2037 Quorum
1237 1980 1283 2024 in

257 2035 471 2089 judicando
494 2035 607 2078 ‘fides
649 2035 784 2090 pretio
815 2049 899 2080 erat
930 2039 1083 2082 addicta
1112 2071 1124 2092 ,
1167 2038 1209 2081 δε
1241 2039 1282 2080 in

252 2107 428 2151 quorum
473 2091 636 2143 judiciis
678 2108 764 2135 non
807 2095 912 2137 ratio
943 2126 954 2148 ,
1003 2096 1064 2139 sed
1098 2094 1283 2151 pecumia

255 2150 511 2202 versabatur,
542 2148 607 2192 his
638 2149 809 2205 capitale
844 2151 1088 2206 supplicium
1111 2165 1195 2195 erat
1210 2152 1284 2195 hac

251 2206 416 2250 Tabula
448 2206 732 2251 decunciatum
754 2238 763 2249 .
794 2209 852 2262 [e]
887 2212 1078 2254 Praeterea
1107 2209 1219 2253 nexis
1235 2225 1284 2252 ex

255 2278 494 2321 quacunque
528 2264 640 2307 causa
671 2264 787 2308 alteri
819 2266 962 2310 deinde
986 2267 1148 2310 solutis:
1183 2267 1284 2309 item

249 2321 350 2376 forti
375 2352 388 2374 ,
440 2320 517 2362 five
549 2321 617 2376 qui
652 2321 806 2376 semper
833 2323 880 2366 in
908 2324 987 2367 fide
1022 2324 1165 2378 Populi
1200 2326 1283 2366 Ro-

252 2378 399 2430 mani,
431 2377 616 2430 steterat,
648 2377 691 2421 ἃ.
713 2379 887 2434 sanato,
920 2381 998 2425 five
1030 2382 1098 2437 qui
1131 2380 1283 2424 defece-

254 2447 316 2480 rat
336 2466 349 2489 ,
380 2434 521 2477 deinde
551 2434 727 2479 redierat
757 2437 803 2480 in
833 2439 983 2492 fidem,
1017 2439 1191 2489 ejusdem
1223 2437 1283 2489 ju-

255 2492 312 2536 ris
354 2491 598 2536 communio
628 2494 922 2539 concedebatur
946 2526 955 2537 .
1000 2497 1119 2550 Quod
1151 2497 1193 2538 ὃς
1229 2498 1283 2537 Α-

254 2549 389 2594 thenis
430 2548 534 2592 olim
571 2547 637 2599 jus
669 2550 837 2606 viguisse
871 2552 1109 2596 Plutarchus
1141 2552 1280 2595 338(οτ

249 2608 303 2652 est
334 2607 378 2650 in
408 2605 595 2649 TheseO.
619 2606 733 2646 Πάσί
762 2610 843 2648 ‘tois
860 2609 1033 2649 πολίταις
1048 2612 1099 2650 τὰ
1111 2606 1282 2649 innatam.

311 2665 363 2706 In
411 2661 616 2707 decimam
666 2661 872 2706 Tabulam
907 2665 1060 2708 sacrum
1095 2664 1154 2715 jus
1185 2680 1286 2707 con-

250 2720 400 2774 je&um
443 2720 602 2764 fuerat.
645 2719 702 2761 Et
746 2719 930 2774 primum
959 2721 1150 2765 omnium
1181 2721 1285 2773 jura-

252 2790 497 2836 mentorum
545 2775 690 2832 religio
742 2777 1060 2821 constituebatur
1086 2810 1099 2831 ,
1130 2779 1174 2822 in
1207 2794 1286 2834 qua

252 2834 398 2880 omnia
427 2837 617 2883 Romana
646 2832 830 2878 instituta
859 2835 1123 2880 nitebantur.
1157 2838 1287 2880 Dein-

246 2977 362 2993 t-——nn
586 2976 943 2995 —u-————‘.

301 3010 382 3051 (a)
407 3011 443 3041 L.
471 3012 531 3043 uls.
554 3008 594 3054 ff
620 3011 658 3043 de
675 3009 736 3051 fin.
763 3012 895 3053 regund.

302 3054 382 3095 (b)
410 3056 487 3097 [ες.
517 3058 655 3098 quinque
678 3056 769 3097 pedet
792 3058 830 3088 de
848 3056 913 3098 fin.
937 3057 1069 3100 regund-

474 3102 535 3132 αἱς.
555 3097 595 3143 ff.
621 3101 658 3132 de
683 3102 792 3142 colleg.

508 3144 569 3183 .§.
601 3148 648 3176 16.
675 3143 713 3176 <J
738 3155 789 3182 23.
814 3144 852 3189 ff
878 3147 916 3178 de
943 3147 979 3178 0.
1000 3148 1042 3187 J.

480 3201 509 3231 5.
534 3191 570 3223 C.
598 3191 734 3233 Tbedos.
758 3190 801 3225 ad
824 3193 886 3234 leg.
907 3193 985 3234 Jul.
1012 3198 1111 3234 repet.

1165 2985 1289 2998 ..—

303 3099 389 3139 (b)
413 3101 450 3131 L.

312 3145 392 3185 (d)
421 3147 449 3176 L

309 3193 390 3232 (e)
417 3189 454 3220 1..

1333 1009 1445 1053 stulit
1478 1025 1490 1062 3
1539 1025 1611 1054 nec
1642 1012 1732 1067 plus
1762 1011 1889 1055 tribus
1927 1013 2101 1055 vestibus
2131 1013 2336 1068 quadratis
2358 1044 2373 1065 ,

1334 1082 1432 1122 quas
1466 1067 1627 1110 ricinias
1661 1068 1861 1111 vocabant
1895 1069 2054 1112 humari
2087 1086 2182 1112 cuin
2205 1084 2371 1113 mortuo

1335 1123 1626 1177 permittebat.
1659 1125 1778 1179 Quod
1811 1126 1975 1168 <iussum
2011 1126 2141 1170 fuerat
2161 1126 2365 1170 eSolonis

1336 1180 1515 1234 legibus:
1552 1182 1619 1224 Μή
1654 1180 1802 1220 τιθέναι
1828 1183 1939 1221 «πλέον
1973 1182 2148 1235 [averoim
2177 1199 2313 1234 τριων.

1396 1237 1624 1280 Muliebres
1653 1237 1781 1279 etiam
1815 1237 2054 1289 ejulationes
2078 1270 2091 1290 ,
2124 1238 2166 1281 &
2199 1239 2366 1283 misera,

1336 1293 1435 1337 biles
1479 1295 1635 1349 questus
1660 1325 1673 1345 ,
1717 1293 2087 1348 lacerationemque
2129 1311 2327 1350 genarum
2356 1329 2369 1352 ,

1332 1352 1374 1394 ὃς
1410 1352 1588 1406 ploratus
1619 1350 1762 1394 effusos
1790 1382 1801 1403 ,
1833 1368 1933 1407 quos
1962 1351 2098 1408 liffum
2132 1354 2366 1409 vocabant,

1333 1409 1524 1464 exemplo
1559 1409 1694 1463 legum
1732 1410 1964 1453 Atticarum
1999 1410 2124 1452 abesse
2150 1411 2372 1454 Decemvi-

1331 1466 1365 1509 ri
1399 1466 1616 1509 voluerunt
1650 1482 1672 1507 3
1705 1464 1878 1510 sunere.
1909 1467 2098 1520 Spatium
2130 1480 2270 1510 autem
2305 1469 2372 1511 in-

1333 1534 1393 1566 ter
1426 1538 1570 1577 rogum
1604 1523 1869 1578 bustumque,
1901 1524 1942 1566 &
1975 1525 2074 1566 aedes
2108 1523 2261 1568 alienas
2278 1537 2386 1567 tan-⁷

1333 1593 1423 1623 tum
1457 1582 1544 1623 LX.
1569 1581 1683 1634 pedes
1717 1582 2022 1634 probaverunt.
2054 1583 2115 1624 Ut
2142 1581 2371 1636 neforum‚

1332 1636 1410 1680 five
1442 1636 1683 1680 vestibulum
1721 1636 1922 1692 sepulcri,
1955 1638 2190 1681 &bustum
2225 1639 2364 1682 usuca-

1334 1694 1453 1749 pione
1485 1708 1787 1748 occuparetur,
1817 1708 2016 1738 aeternam
2045 1696 2194 1739 horum
2226 1696 2366 1740 aufto-

1332 1752 1498 1794 ritatem
1530 1750 1603 1794 effe
1636 1750 1853 1802 jusserunt.
1883 1755 1968 1804 (q)

1392 1809 1463 1852 Per
1495 1807 1762 1858 adjectionem
1792 1810 1870 1853 XI.
1898 1807 2049 1851 Tabul.
2072 1808 2253 1863 patribus
2268 1825 2366 1855 cum

1332 1865 1447 1921 plebe
1492 1866 1707 1908 connubiis
1738 1865 1818 1908 fuit
1850 1865 2147 1908 interditf'tum:
2182 1867 2369 1922 quodque

1335 1923 1581 1978 postremum
1611 1921 1770 1973 jussisset
1802 1922 1978 1976 Populus
2010 1954 2023 1975 ,
2043 1964 2046 1966 ,
2066 1922 2367 1977 antiquioribus

1335 1981 1544 2033 praelatum
1589 1978 1776 2035 legibus.
1826 1981 1890 2023 Ex
1938 1979 2091 2022 Tabul.
2137 1981 2242 2023 XII.
2277 1996 2369 2036 pro-

1333 2037 1465 2080 hibita
1504 2035 1586 2079 fuit
1633 2037 1688 2080 rei
1723 2035 1907 2092 litigiosae
1940 2037 2190 2080 consecratio
2223 2037 2265 2080 δε
2297 2039 2371 2081 du-

1334 2095 1387 2150 pli
1423 2093 1576 2138 ιῃιιΙξὶει
1610 2092 1811 2137 ferebatur
1844 2093 1888 2137 in
1920 2093 2036 2136 malae
2067 2094 2160 2135 fidei
2188 2093 2372 2146 possesso-

1333 2166 1444 2205 rem,
1476 2151 1602 2194 tribus
1633 2167 1654 2193 a
1690 2152 1861 2194 Praetore
1895 2151 1951 2194 rei
1984 2150 2223 2193 definiendae
2254 2150 2363 2194 arbi-

1332 2209 1404 2252 tris
1434 2210 1559 2252 datis.
1591 2208 1663 2262 [i]
1695 2209 1870 2261 Servus,
1901 2209 1969 2264 qui
2008 2207 2152 2250 sc'efite
2198 2209 2370 2252 domino

1332 2265 1489 2309 furtum
1523 2264 1701 2319 fecerat,
1734 2266 1985 2308 damnumve
2019 2265 2208 2317 dederat,
2243 2281 2372 2309 noxa-

1335 2323 1380 2366 lis
1423 2324 1574 2367 fiebat.
1624 2326 1710 2375 (k)
1759 2326 1894 2378 Atque
1927 2322 2011 2365 haec
2044 2321 2123 2364 fere
2158 2323 2246 2364 sunt
2277 2338 2370 2378 ger*

1334 2396 1453 2422 mana
1488 2381 1590 2424 XII.
1619 2380 1782 2435 capita,
1814 2395 1902 2435 quae
1932 2394 1980 2423 ex
2014 2379 2212 2435 corruptis
2244 2393 2366 2436 atque

1333 2438 1486 2481 semesis
1519 2438 1650 2480 verbis
1681 2437 1848 2492 collegit
1880 2434 2183 2500 Gothogredus,
2215 2437 2283 2491 qui
2316 2453 2364 2480 ea

1333 2495 1409 2538 hoc
1441 2494 1641 2550 descripsit
1671 2495 1839 2537 ordine.
1873 2492 2134 2535 Praeter‘haec
2159 2493 2365 2537 adducun-

1332 2566 1396 2595 tur
1441 2553 1491 2595 ab
1539 2551 1768 2596 auctoribus
1798 2548 1911 2601 alia,
1942 2564 2027 2590 non
2063 2565 2256 2604 germana
2289 2551 2359 2594 illa

1333 2609 1496 2664 quidem
1519 2642 1531 2663 ,
1566 2609 1626 2652 sed
1662 2608 1725 2651 vel
1758 2606 2047 2650 commentitia
2072 2638 2085 2660 ‚
2129 2607 2190 2650 vel
2225 2607 2362 2659 conje-

1331 2667 1443 2709 &ura
1475 2666 1675 2717 conflexa,
1707 2664 1750 2707 &
1782 2664 1828 2706 ad
1863 2676 2016 2706 veteres
2047 2665 2361 2709 earumsenten-

1333 2724 1407 2766 tias
1447 2740 1470 2766 a
1513 2723 1650 2779 priscis
1695 2721 1950 2777 scriptoribus
1984 2722 2161 2774 proditas
2203 2737 2370 2765 accom-
2427 2745 2430 2747 ·

1336 2780 1520 2834 modata,
1552 2780 1598 2823 de
1630 2778 1773 2835 quibus
1802 2779 1846 2821 in
1866 2777 2074 2820 latioribus
2093 2779 2303 2834 Originum
2319 2779 2369 2822 li·-

1334 2838 1443 2891 bris,
1476 2837 1503 2880 fi
1535 2836 1618 2880 vita
1652 2836 1860 2892 suppetet,
1891 2834 1973 2878 fuse
2002 2835 2318 2936 disputabimug.

2303 2909 2367 2937 ro-

1453 2982 1910 2993 -——-.-—-————-——

1487 3015 1567 3044 Lace
1594 3012 1690 3045 Petit.
1717 3012 1759 3045 ad
1782 3015 1846 3054 leg.
1876 3014 1950 3045 An.
1972 3018 2048 3054 pag.
2075 3012 2152 3049 496.

1491 3061 1527 3088 L.
1557 3062 1586 3089 6.
1613 3060 1651 3089 C.
1678 3057 1831 3098 Theodosi
1857 3057 1895 3090 de
1913 3057 2050 3099 sepulcr.
2075 3054 2197 3088 violae·

1411 3013 1461 3053 f>

1415 3058 1470 3183 {z}
1497 3102 1599 3135 Cicer.
1627 3103 1663 3135 de
1678 3104 1742 3144 teg.
1811 3132 1819 3139 ,

1451 3192 1469 3234 >

1488 3148 1595 3179 Festus
1621 3150 1655 3179 in
1681 3144 1768 3180 verb.
1796 3145 1896 3179 Vind-

1383 3015 1401 3053 Ε

1383 3059 1401 3142 ἓ
2094 3142 2108 3151 .

1384 3151 1405 3234 ἓ
1497 3194 1537 3226 L.
1564 3201 1592 3223 2,
1616 3190 1733 3235 5431».
1754 3188 1794 3235 ff.
1819 3191 1858 3226 de
1883 3201 1961 3226 naar·
1985 3187 2105 3225 affin.

1419 3194 1436 3224 h
