2451 3470
697 101 1117 155 OPUaS

128 178 174 222 in
188 175 464 223 recentiorum
482 174 783 230 cultiorumque
805 172 1047 230 scriptorum
1065 192 1152 219 ora-

129 236 284 279 tionem
311 250 538 278 convenere
567 250 579 286 3
614 234 839 287 assiduaque
862 232 1151 275 consuetudine

129 293 397 336 Latinitatem
434 308 479 333 ac
516 291 730 333 civitatem
774 304 960 342 accepere
1000 291 1148 331 Roma-

128 363 225 392 nam
254 381 263 391 .
290 350 410 404 Quod
438 347 656 404 Aligherio
676 377 688 398 ‚
719 344 790 401 qui
814 344 860 387 ὃς
880 345 964 399 ipse
995 357 1078 387 tota
1102 361 1151 388 ex

128 406 252 449 Italia
276 408 294 457 (
318 422 395 461 qua
415 404 607 448 illustrem
639 403 821 457 linguam
843 415 978 455 patere
1001 403 1149 443 merito

126 463 312 507 censebat
336 466 355 514 )
381 462 425 506 &
454 477 504 505 ex
531 461 681 504 Latino
710 459 892 501 sermone
922 473 1038 520 voces
1066 458 1149 500 col-

128 518 229 576 legit
263 520 441 572 multas,
464 519 638 561 admissis
669 527 1152 576 exterarum-nationum

127 577 265 632 paucis
289 608 302 630 ,
334 591 417 618 non
442 587 580 618 tamen
604 571 825 633 admodum
855 569 1032 614 feliciter
1063 587 1147 635 pro-

129 635 238 677 ceffit
254 665 266 685 ‚
293 645 455 688 propter
477 631 721 674 muliebrem
743 627 985 681 scriptorum
1002 659 1013 680 ‚
1030 643 1098 682 qui
1115 644 1150 671 ei

132 689 370 743 successere,
402 687 653 732 mollitiem:
678 701 756 740 qua
779 684 972 727 effectum
999 685 1079 736 est,
1109 698 1152 728 ut

129 747 262 790 multa
284 746 458 790 sermoni
481 745 615 786 nostro
630 740 870 792 necessaria,
894 756 980 796 quae
994 743 1152 785 Dantes

128 803 334 848 obtulerat
362 833 378 855 ‚
424 801 575 844 finibus
609 797 919 841 excluderentur
969 797 1114 840 nostris
1137 829 1151 851 ‚

127 873 249 917 atque
280 859 371 902 usus
398 857 639 900 aucioritate
673 854 1008 896 destituerentur.

183 916 316 970 Igitur
335 915 551 956 Poetarum
568 943 580 964 ,
614 923 754 966 praeter
775 925 1044 953 communem
1060 910 1146 953 vul-

125 973 166 1028 gi
201 974 431 1016 sermonem
459 995 481 1023 ,·
505 970 633 1017 sermo
664 966 827 1010 emersit
853 965 1073 1019 illustrior,
1102 967 1150 1009 ad

125 1031 347 1075 Oratorum
365 1042 523 1083 quoque
536 1059 552 1080 ‚
574 1038 693 1080 atque
708 1023 1012 1068 Historicorurn
1027 1024 1148 1079 scrip·

121 1088 338 1141 torumque
353 1085 530 1127 aliorum
551 1080 886 1126 consuetudinem
911 1081 952 1123 &
967 1096 1148 1124 commo-

120 1143 244 1187 dum:
264 1141 376 1193 cujus
390 1156 507 1184 voces
523 1172 534 1193 ,
553 1139 779 1183 etsiomnes
805 1138 926 1192 vulgo
942 1153 1023 1180 non
1040 1138 1146 1180 usur·
1179 1181 1181 1183 ,

117 1213 267 1255 pentur
295 1230 306 1252 ‚
336 1199 387 1240 ab
427 1198 623 1240 omnibus
657 1208 797 1238 tamen
833 1194 1146 1249 intelliguntur.

117 1255 570 1313 Eumquesermonem
616 1251 896 1295 Grammatici
940 1251 1149 1294 stabiliunt

118 1313 319 1364 exemplis
348 1343 363 1365 ,
400 1311 625 1368 regulisque
656 1309 914 1361 custodiunt,
949 1323 1000 1351 ne
1032 1308 1145 1364 vulgi

120 1370 382 1413 volubilitate
397 1368 550 1413 feratur
563 1380 683 1422 atque
709 1377 993 1427 corrumpatur
1007 1380 1023 1418 3
1042 1380 1145 1410 neve

118 1427 340 1483 ingruente
363 1427 610 1480 contagione
637 1425 806 1468 demum
832 1424 1033 1466 intereat.
1083 1478 1092 1486 ,

172 1485 433 1539 Quapropter
459 1483 653 1526 Oratores
681 1497 701 1522 a
730 1481 948 1524 Poetarum
990 1491 1145 1523 oratio-

112 1555 193 1592 ne,
219 1557 240 1583 a
272 1539 419 1595 quibus
449 1538 620 1583 sumsere
651 1553 846 1581 numeros
868 1537 912 1581 δε
937 1536 1145 1592 loquutio-

109 1611 210 1650 nes,
243 1595 406 1639 nonnisi
435 1596 624 1639 libertate
655 1610 951 1648 numerorum,
976 1597 1019 1637 ὄε
1051 1594 1143 1638 sim·

107 1653 297 1710 plicitate
323 1652 581 1709 loquutionis
599 1652 923 1707 distinguuntur:
956 1652 1139 1708 quando-

107 1710 275 1766 quidem
308 1710 425 1755 cursu
467 1719 734 1754 numerorum
761 1741 775 1764 ‚
820 1710 967 1765 usuque
996 1711 1142 1752 verbo>-

108 1782 228 1822 rum,
254 1767 420 1822 propius
438 1783 563 1822 quarn
587 1768 742 1820 Poetae,
770 1767 819 1810 ad
840 1767 952 1822 vulgi
975 1766 1144 1812 consue-

109 1825 299 1868 tudinem
318 1823 504 1869 feruntur
525 1826 748 1877 Oratores3
769 1839 992 1882 utcumque
1007 1840 1027 1866 a
1044 1825 1141 1869 Poe-

109 1881 161 1925 tis
180 1881 394 1925 illustriora
413 1880 572 1925 dicendi
594 1897 743 1938 genera
760 1893 1001 1926 mutuentur
1016 1913 1028 1934 ,
1050 1898 1143 1938 quae,

108 1949 254 1982 tamen
283 1937 557 1982 multitudinis
578 1941 842 1983 moderantur
859 1939 1042 1982 auribus.
1077 1943 1141 1984 Ac

108 1995 205 2044 ¹sane
241 1995 401 2050 integra
428 1994 663 2041 valetudine
696 1996 813 2038 floret
846 1995 1100 2050 Eloquentia
1127 2029 1142 2051 ‚

108 2051 238 2095 donec
268 2067 440 2097 acumen
472 2053 705 2108 cogitandi,
736 2052 780 2095 δε
803 2067 972 2095 ornatus.
994 2055 1138 2099 verbo-

113 2124 206 2151 rum
261 2109 595 2165 concinnitasque
639 2109 871 2155 naturalem
926 2111 1138 2155 conservat

107 2166 345 2209 animorum
382 2165 693 2222 communisque
749 2164 942 2210 sermonis
991 2168 1138 2223 imagi-

107 2237 235 2276 nem,
267 2223 432 2278 qualem
459 2224 593 2267 Graeci
631 2222 851 2279 Latinique
886 2224 935 2267 ad
962 2225 1135 2281 Augusti

109 2294 242 2323 aevum
269 2311 284 2333 2
315 2280 409 2322 Itali
446 2291 535 2322 toto
565 2280 716 2324 Leonis
741 2280 951 2338 X.‚seculo
979 2282 1138 2336 expres-

104 2335 241 2379 serunt
273 2368 285 2378 .
333 2338 446 2382 Cum
488 2352 588 2380 vero
625 2337 865 2381 invenierffli
909 2338 1137 2393 subtilitas,

105 2394 406 2450 verborumque
437 2410 482 2437 ac
515 2409 784 2438 numerorum
814 2395 931 2439 luxus
955 2396 1134 2440 adeoin-

104 2450 314 2494 crebrescit
338 2483 353 2504 2
399 2463 442 2494 ut
467 2451 679 2506 extinguat
718 2457 884 2502 naturae}
905 2453 1136 2497 similitudi-

104 2520 240 2555 nem3
287 2521 374 2550 tum
406 2511 448 2550 in
493 2508 756 2564 Eloquentiae:
787 2509 926 2552 locum
962 2510 1134 2555 succedit

106 2564 346 2611 verborum>
373 2565 417 2607 &
460 2568 715 2619 argutiarum-
768 2565 946 2610 luxuries
977 2599 988 2621 ,
1053 2568 1135 2623 ipsa

105 2619 285 2663 barbarie
300 2621 528 2664 absurdior:
564 2624 732 2666 Furenti
763 2624 876 2669 enirn
902 2625 979 2678 est,
1009 2641 1134 2683 quam

102 2675 285 2732 loquenti
314 2677 485 2720 similior
508 2710 520 2730 ‚
565 2680 750 2735 'quisquis
766 2681 1030 2737 Eloquentia:
1060 2682 1134 2726 suae

104 2732 264 2777 laudem
297 2751 322 2776 a
351 2733 610 2790 loquentium
643 2737 971 2783 dissimilitudine
1003 2741 1131 2794 petit.

100 2791 171 2833 Est
204 2804 342 2834 autem
366 2823 378 2844 ‚
410 2804 455 2834 ut
496 2791 551 2834 ait
587 2795 785 2838 Horatius
813 2827 825 2847 ,
867 2797 1058 2840 omnibus
1088 2799 1132 2840 in

97 2849 245 2900 rebus,
268 2861 311 2890 at
333 2849 375 2890 in
404 2847 653 2903 Eloquentia
687 2850 904 2904 praesertim
932 2868 1064 2898 certus
1085 2871 1130 2897 ac

103 2905 326 2960 praefinitus
350 2907 401 2947 ab
431 2918 515 2948 arte
546 2937 555 2957 ,
607 2906 682 2949 sive
717 2923 739 2949 a
772 2909 927 2953 ratione
955 2913 1128 2954 modus:

102 2977 224 3015 quem
248 2962 317 3017 qui
352 2962 534 3005 subtilius
568 2961 817 3006 inveniendo
846 2997 857 3017 ‚
890 2980 960 3009 aut
985 2970 1128 3024 exqui-

103 3018 213 3061 finus
244 3020 427 3062 ornando
457 3018 657 3062 transierit
684 3052 695 3073 ,
727 3033 813 3064 tota
839 3023 992 3075 prorsus
1016 3028 1124 3068 aber-

100 3076 207 3120 rabit
238 3076 333 3120 via.
367 3077 650 3131 Quamobrem
680 3077 793 3122 sicuti
818 3079 956 3124 cibum
978 3082 1129 3125 'condi-

1195 102 1664 156 CULA.

1203 188 1436 220 mentorum
1488 175 1604 232 copia
1658 174 1874 220 labefaffiat
1909 179 1932 231 ,'
1975 180 2018 224 &

2137 109 2247 182 187

2079 184 2234 230 mulier

1201 234 1390 289 quamvis
1421 233 1585 288 pulcra,
1634 233 1661 277 s1
1685 235 1840 277 mundo
1872 234 2126 294 simplicique
2150 244 2237 286 cul·

1200 291 1262 332 tui
1296 289 1435 334 fucum
1468 291 1662 335 addiderit
1689 322 1703 344 ,
1746 290 1893 335 faciem
1925 294 2234 352 dehonestabit3

1202 347 1255 388 ita
1289 347 1331 388 &a
1364 350 1550 391 Lucanus
1578 380 1591 402 ,
1635 349 1786 393 Statius
1813 380 1827 402 ‚
1872 348 2029 393 Plinius
2070 352 2265 408 juniors

1200 402 1242 444 ὃς
1274 403 1342 445 alii
1380 436 1392 457 ‚
1435 420 1535 460 quos
1577 405 1764 461 deinceps
1808 406 2080 465 habuerunt,
2126 411 2236 455 vitiis

1200 459 1366 513 quidem
1387 463 1509 517 longe
1533 461 1731 516 majores,
1764 464 1986 508 virtutibus
2013 481 2111 513 vero
2126 485 2242 523 pror-

1202 519 1260 557 sus
1291 517 1502 562 dissimiles
1530 551 1542 572 ‚
1591 532 1804 576 utramque
1838 537 2110 577 corruperunt
2138 526 2240 569 Elo-

1206 574 1471 631 questurus,
1527 577 1626 619 dum
1675 577 1906 632 Virgilium
1938 579 1982 622 ὃς
2013 582 2239 636 Tullium,

1200 644 1440 690 aetatemque
1476 631 1644 675 illorum
1676 636 1867 678 acumine
1899 637 2079 691 mentis,
2111 641 2154 683 &
2180 656 2243 682 ar-

1201 687 1328 730 tificio
1361 690 1552 743 cultuque
1587 690 1802 734 verborom
1836 724 1849 745 ,
1895 709 1998 741 vana
2033 696 2095 751 spe
2128 697 2239 751 supe-

1200 745 1366 798 taturi,
1414 746 1581 789 modum
1624 749 1677 790 ab
1715 747 1802 791 illis
1846 749 2017 803 positum
2066 754 2240 797 excelse-

1200 813 1322 844 runt.
1353 802 1490 855 Quem
1523 803 1677 847 rec³tum
1709 806 1948 860 cogitandi,
1977 811 2230 867 ornandique

1201 858 1369 901 modum
1401 859 1553 901 duobus
1584 874 1678 904 ante
1712 862 1851 906 seculis
1885 880 1979 908 cum
2002 867 2098 910 Itali
2119 883 2238 922 repe-

1200 914 1415 968 tierimus·‚
1445 915 1570 959 iidem
1603 919 1733 972 postea
1764 920 1937 974 turpiter
1971 923 2231 977 propulimus,

1200 986 1268 1026 per
1302 971 1511 1026 scriptores
1539 976 1851 1019 tumidiffimos:
1887 993 1964 1031 prae
1995 981 2140 1036 quibus
2157 998 2233 1025 au-

1197 1028 1423 1072 daeiffimus
1455 1031 1619 1086 quisque
1648 1044 1831 1076 veterum
1852 1035 2094 1081 Latinorum
2112 1038 2238 1082 Plau·
2276 1050 2278 1052 ’

1199 1086 1287 1128 tino
1311 1087 1419 1130 Sosia
1452 1088 1729 1132 meticulosior
1761 1090 1958 1134 habeatur
1977 1123 1991 1132 ,

1256 1142 1442 1188 Refluxit
1472 1145 1588 1188 enim
1629 1145 1780 1196 jamdiu
1824 1147 1945 1204 longe
1980 1149 2230 1195 insolentius

1196 1211 1314 1255 atque
1351 1202 1694 1256 intemperantius
1723 1204 1827 1258 apud
1865 1220 1938 1247 nos
1964 1207 2006 1249 in
2034 1209 2228 1254 Latinam

1198 1256 1383 1313 linguam
1399 1257 1715 1311 turgescentium
1750 1261 1990 1315 scriptorum
2009 1265 2228 1321 colluvies,

1195 1329 1293 1358 cum
1319 1314 1572 1369 argutiarum
1599 1317 1730 1371 glacie
1757 1316 1934 1374 luxuque
1955 1336 2227 1366 ornamento-

1196 1387 1289 1416 rum
1319 1389 1328 1414 τ
1373 1388 1465 1429 quae
1497 1371 1689 1428 superiori
1713 1373 1846 1417 seculo
1879 1377 2078 1432 corripuit
2102 1379 2233 1423 etiam

1196 1429 1406 1483 scriptores
1430 1429 1673 1473 vernaculos
1704 1462 1719 1483 ‚
1761 1430 1844 1473 illis
1870 1431 1913 1475 in
1949 1433 2094 1476 scholis
2124 1435 2236 1478 insti-

1195 1499 1338 1540 tut033
1389 1486 1459 1542 qui
1491 1486 1607 1530 novis
1648 1487 1871 1532 verborum
1904 1492 2101 1544 portentis
2133 1523 2145 1543 ‚
2191 1494 2236 1536 &

1195 1543 1390 1586 inauditis
1413 1559 1680 1588 numerorum
1706 1545 1930 1589 tonitribus
1954 1579 1966 1601 ‚
2007 1548 2236 1604 insanisque

1196 1600 1531 1645 translationibus
1549 1601 1812 1646 Pindaricum
1831 1602 1984 1647 scilicet
2001 1637 2012 1658 ,
2044 1605 2087 1648 ἃ,
2104 1607 2243 1649 Hora-

1192 1657 1354 1710 tianum
1377 1657 1560 1714 spiritum
1578 1691 1592 1712 2
1618 1658 1736 1703 simul
1762 1675 1858 1702 cum
1881 1661 2053 1704 sensibili
2069 1678 2233 1718 eorum,

1192 1732 1237 1759 ac
1263 1730 1387 1771 prope
1418 1714 1636 1759 animabili
1676 1715 1923 1773 spirantique
1952 1719 2129 1764 dictione
2162 1736 2237 1775 pu-

1196 1785 1334 1816 tarunt
1379 1772 1425 1815 irt
1468 1771 1738 1816 vernaculam
1782 1774 1970 1830 linguam
2013 1776 2237 1821 allaturos.

1254 1828 1382 1881 Cujus
1401 1828 1559 1886 linguae
1571 1830 1718 1884 Lyrica
1731 1831 1856 1874 Poesis
1875 1864 1891 1886 ,
1916 1846 2137 1890 utcumque
2154 1848 2241 1878 tra·

1196 1886 1301 1930 xerit
1325 1903 1350 1929 a
1376 1887 1592 1930 Petrarcha
1622 1886 1847 1943 plurimum
1877 1904 1891 1942 3
1934 1889 2047 1934 illius
2069 1904 2206 1934 tamen
2227 1923 2239 1946 ,

1193 1943 1537 1988 autimitatorum
1556 1945 1806 1988 carminibus
1821 1946 2081 2002 suscitandis,
2111 1949 2238 1992 Musa

1188 2016 1447 2060 nequaquam
1471 2017 1566 2054 opes
1585 2002 1923 2046 omnes'exhausit
1955 2004 2062 2047 suas:
2102 2020 2232 2061 neque

1189 2058 1342 2103 ademit
1365 2059 1560 2114 posteris,
1587 2074 1795 2102 novorum
1817 2075 2085 2105 numerorum
2117 2062 2159 2105 ὅ(
2178 2062 2237 2105 lo-

1186 2115 1437 2169 quutionum
1464 2130 1748 2171 novarumque
1767 2116 2063 2161 sententiarum
2096 2118 2227 2162 facul-

1188 2184 1317 2214 tatem
1339 2187 1352 2224 ς
1384 2171 1454 2215 etfi
1481 2171 1722 2217 facultatem
1747 2189 1839 2216 eam
1867 2173 2091 2218 infeliciter
2116 2191 2233 2219 exer·

1186 2228 1354 2270 cuissent
1385 2229 1413 2272 ii
1442 2260 1454 2282 ‚
1497 2227 1567 2284 qui
1604 2230 1796 2285 proximo
1832 2230 1965 2273 seculo
1998 2231 2042 2274 in
2075 2248 2235 2277 novam

1191 2285 1303 2328 viam
1342 2285 1378 2329 se
1406 2286 1602 2329 dederunt
1628 2287 1771 2343 absque
1787 2287 2002 2331 Musarum
2029 2305 2239 2334 commea-

1191 2353 1265 2395 tu3
1295 2341 1446 2398 quique
1469 2343 1717 2387 Latinorum
1740 2346 2063 2401 Graecorumque
2091 2346 2237 2404 imita-

1187 2399 1348 2443 tionem
1378 2412 1448 2443 aut
1476 2401 1557 2444 sine
1581 2401 1796 2444 necessaria
1829 2417 1969 2446 earum
1999 2403 2235 2459 linguarum

1190 2456 1431 2512 cognitione
1459 2489 1475 2511 ‚
1506 2470 1549 2500 ut
1582 2457 1696 2501 inter
1727 2471 1880 2503 ceteros
1909 2459 2083 2505 Fulvius
2102 2462 2237 2505 Testi-

1188 2529 1263 2567 ηεξ
1292 2527 1363 2556 aut
1394 2514 1476 2558 sine
1509 2514 1664 2566 judicio
1695 2515 1979 2572 susceperunt,
2012 2531 2054 2560 ut
2087 2518 2236 2562 Ciam-

1181 2571 1302 2626 polus
1334 2588 1343 2612 τ
1391 2572 1456 2614 cui
1490 2572 1663 2615 eruditio
1710 2573 1868 2617 summa
1902 2590 1982 2617 non
2018 2575 2232 2629 defuiffer,

1186 2628 1261 2671 nisi
1293 2627 1493 2672 maluisset
1540 2644 1736 2686 perquam
1780 2631 1924 2674 similis
1970 2632 2044 2675 esse
2080 2633 2230 2676 veteri-

1182 2686 1254 2728 bus
1284 2702 1297 2726 .-
1342 2686 1515 2729 Marino
1547 2686 1662 2730 enim
1693 2718 1705 2741 ‚
1759 2704 1881 2743 quarn
1918 2704 2040 2732 nemo
2076 2702 2234 2733 naturae

1190 2741 1394 2786 felicitate
1454 2743 1659 2799 superavit
1699 2776 1712 2798 ‚
1783 2745 1912 2788 abfuit
1969 2760 2188 2803 utrumque
2223 2779 2238 2799 ‚

1194 2799 1423 2844 Chiabrcra
1467 2817 1565 2844 vero
1591 2833 1602 2854 ‚
1650 2801 1719 2845 etsi
1751 2802 1992 2846 eruditionis
2021 2804 2064 2847 δ(
2095 2804 2234 2856 judicii

1195 2872 1485 2914 novorumque
1521 2857 1730 2902 luminum
1756 2859 1922 2903 haberet
1944 2861 2059 2914 satis3
2095 2875 2233 2904 tamen

1198 2914 1354 2957 suamet
1386 2915 1504 2970 copia
1537 2916 1690 2958 mersus
1731 2917 1864 2959 amisit
1896 2918 2042 2960 limam
2069 2949 2080 2969 ,
2123 2918 2231 2960 dele-

1178 2971 1374 3025 &umque
1407 2971 1591 3027 neglexit
1618 2989 1784 3027 rerum,
1819 2975 1861 3017 ὃς
1885 2974 2035 3030 lingum
2053 2973 2226 3027 cultum3

1185 3041 1226 3070 ut
1261 3028 1451 3070 novitate
1483 3028 1548 3072 sua
1593 3029 1701 3072 nihil
1746 3045 1887 3074 tamen
1924 3031 2127 3074 veteribus
2159 3032 2230 3073 Pe-

1176 3085 1348 3129 trarchae
1391 3084 1672 3131 imitatoribus
1717 3087 1875 3130 dederit
1912 3087 2184 3200 inVidmdgn
2219 3121 2227 3130 .

1659 3146 1737 3186 Aa
1805 3161 1829 3187 z
2145 3161 2212 3187 ua-
