2451 3470
160 139 181 175 ι
197 137 270 188 24
766 115 834 168 V.

954 115 1802 175 GRAVINAE

143 197 302 251 optime
333 192 381 236 de
417 191 480 235 Ec
497 188 613 254 clesia
646 190 815 234 meritus
839 221 852 244 ‚
899 188 1076 252 instituit
1102 205 1126 253 ε.
1158 200 1202 232 ut
1255 195 1300 238 ὃς
1322 194 1537 238 veritatem
1572 192 1855 247 reddiderunt,
1882 193 1959 239 five
1983 208 2052 250 per
2071 195 2230 247 causas,
2251 204 2297 237 ut

146 250 336 297 studiosos
368 266 391 293 a
427 265 477 305 ga
494 247 640 312 trs-llis,
672 248 715 291 &
747 246 950 303 perplexis
971 245 1205 301 vulgarium
1257 251 1524 307 Philosophi3
1555 250 1633 293 sive
1661 266 1730 305 per
1759 251 2065 306 imitationem,
2090 264 2134 296 ut
2151 254 2299 305 Poetae3

145 311 361 354 donorum
395 306 466 350 scri
488 318 565 369 ptis
595 306 646 369 ad
674 304 805 360 ipsum
829 303 1042 346 deduceret
1061 318 1213 368 oram--
1268 309 1346 353 five
1380 324 1451 366 per
1482 307 1712 363 simplicem
1761 322 1897 351 rerum
1928 309 2126 364 gestarum
2159 306 2300 353 narsi,-

151 367 240 412 1um
273 365 489 422 sapientiae
521 364 670 405 divinae
692 393 704 416 ,
737 360 1031 416 doctoremque
1062 376 1204 411 Juven-
1259 367 1420 411 tionem
1442 398 1455 421 ,
1489 379 1533 410 ut
1563 364 1761 409 Historici
1791 380 1804 418 3
1853 362 2033 421 five'per
2063 367 2298 411 contentio·

159 426 239 470 tuti
265 423 446 468 redderet
475 435 570 465 eum
587 452 598 473 ,
619 434 742 476 quem
764 433 847 461 non
873 419 997 460 modo
1019 433 1206 461 commu·

155 483 221 528 nis
245 481 468 525 hominum
492 476 709 521 admiratio
730 491 742 528 3
770 475 830 517 sed
851 475 1006 518 suamet
1021 474 1208 518 Christus

157 555 260 585 voce
287 539 412 582 fidum
439 552 484 579 ac
521 546 678 578 certum
704 533 748 574 in
774 531 955 575 Ecclesia
984 545 1211 587 praecepto-

157 613 246 642 rem
266 594 473 640 constituit
493 590 630 634 omnis
657 589 731 632 aevi
754 620 764 630 .
790 588 872 632 Cui
899 589 1027 632 studio
1047 590 1117 645 qui
1147 605 1208 635 re-

161 654 398 699 centiorum
420 648 579 693 lumina
598 646 861 690 Criticorum
878 677 890 699 ,
920 646 965 689 ἃ
981 647 1210 697 Hebraicae‚

163 705 403 766 Graecae'quae
439 707 588 759 linguae
615 703 760 757 usum,
802 719 847 746 ac
880 716 1119 759 perpetuam
1145 705 1204 748 di-

165 769 362 812 vinorum
377 763 582 809 Codicum
598 792 611 814 ,
639 761 681 804 &
694 762 761 803 SS.
777 761 944 804 Parrum
958 773 1078 817 atque
1093 762 1208 804 Con-

167 825 363 869 ciliorum
396 821 616 864 lestionem
657 817 914 861 admiscuerit
935 850 948 873 ,
982 818 1132 874 quique
1160 819 1208 862 si-

167 882 257 926 mul
283 878 465 937 praeclari
490 875 644 919 ordinis
669 874 915 926 jesuitarum
935 876 1203 931 praestantissi-

166 955 256 982 mos
284 970 295 992 ,
333 937 377 980 &
413 932 672 989 antiquitatis
703 931 910 976 assertores
949 932 1208 989 diligentissi-

159 1011 252 1039 mos
267 1027 279 1048 ‚
313 994 524 1037 Petavium
542 1022 555 1043 ‚
578 989 846 1032 Sirmondum
867 1021 879 1043 ,
910 990 1208 1034 Maldonatum

166 1053 306 1097 crebro
327 1048 605 1099 consuluerit;
636 1045 671 1089 is
701 1046 744 1089 δι
778 1047 1079 1090 sententiarum
1102 1048 1208 1090 veri-

164 1121 293 1153 tatem
316 1124 383 1164 per
402 1104 714 1166 D,Th0mam,
750 1103 793 1146 ἅ
824 1104 1101 1147 abstru'fiorem
1117 1121 1206 1148 om-

163 1167 286 1210 nium
306 1178 539 1220 temporum
560 1160 834 1205 eruditionem
850 1194 862 1215 ‚
883 1177 1207 1218 germanumque

163 1225 370 1268 sacrorum
399 1223 596 1264 librorum
635 1217 790 1261 sensum
831 1234 899 1274 per
925 1219 1056 1262 cultos
1083 1220 1203 1273 illos,

163 1294 283 1337 atque
305 1294 448 1336 graves
472 1275 709 1320 divinarum
732 1290 870 1318 rerum
891 1276 1130 1331 interpretes
1149 1278 1206 1319 as-

164 1339 374 1394 sequetur.
409 1337 502 1378 Nec
530 1333 620 1376 leve
649 1332 796 1375 laboris
821 1333 1116 1389 compendium
1150 1334 1207 1377 fe-

165 1395 268 1440 cerit
297 1425 310 1448 ,
348 1394 374 1437 si
400 1390 618 1436 sententias
642 1389 711 1443 sibi
744 1388 925 1434 sumserit
958 1407 1027 1446 per
1047 1391 1206 1435 Estium

163 1451 415 1509 explicatas,
440 1448 510 1505 qui
544 1446 747 1491 seleffiora
771 1459 956 1491 veterum
973 1449 1140 1495 Patrum
1164 1448 1206 1490 in

167 1510 248 1554 suis
269 1504 578 1552 commentariis
595 1536 607 1558 ‚
633 1520 728 1547 cum
757 1503 915 1548 summa
942 1505 1208 1549 studiosorum

165 1565 347 1611 utilitate
363 1563 582 1620 congessit.
603 1561 783 1604 Utinam
810 1563 953 1606 eodem
968 1594 982 1617 ,
1001 1570 1087 1618 quo'
1101 1563 1207 1605 Esti-

164 1639 238 1677 us,
271 1623 440 1675 animo,
472 1632 592 1675 atque
611 1618 699 1662 stilo
725 1618 774 1662 ad
803 1635 976 1663 aureum
1003 1619 1105 1663 illud
1123 1620 1207 1663 sen-

164 1681 390 1725 tentiarum
418 1692 519 1733 opus
541 1676 894 1732 interpretandum
917 1692 1062 1720 omnes
1076 1677 1206 1721 acces-

164 1738 296 1782 fiffent
313 1769 326 1791 ,
355 1751 431 1779 nec
449 1732 756 1788 simplicitatem
782 1733 827 1777 &
845 1735 1067 1778 candorem
1095 1733 1206 1778 illius

162 1811 213 1839 ex
230 1793 463 1850 Apostolica
490 1790 731 1847 integritate
756 1807 807 1843 ac
826 1791 892 1835 SS.
919 1791 1085 1834 Parrum
1113 1806 1206 1848 gra-

166 1853 295 1896 vitate
323 1865 468 1893 natum
495 1848 570 1891 suis
599 1849 717 1903 nugis
743 1846 1005 1892 infuscaffent
1031 1854 1039 1891 !
1073 1849 1208 1897 Cuju-

165 1908 296 1954 smodi
329 1907 393 1950 vel
425 1906 723 1960 temperandis,
756 1905 822 1950 vel
852 1906 1121 1961 praecavendis
1143 1905 1208 1948 in-

163 1966 326 2023 geniis,
347 1964 452 2007 nihil
479 1962 619 2007 utilius
636 1995 647 2017 ‚
669 1977 754 2006 non
780 1978 872 2006 meo
887 1963 1051 2018 quidem
1068 1994 1079 2016 ,
1100 1964 1207 2019 quod

167 2024 324 2067 nullius
351 2023 405 2065 est
443 2020 632 2076 ponderis
657 2051 669 2073 ,
717 2020 778 2063 sed
802 2021 1040 2076 graviorum
1067 2020 1206 2065 omni-

165 2097 238 2125 um
280 2079 429 2130 judicio
454 2077 774 2132 Theologorum
813 2077 1068 2121 existimatur
1092 2109 1105 2132 ,
1151 2077 1207 2120 le-

164 2139 301 2182 &ione
331 2136 516 2180 locorum
542 2133 836 2178 communium
865 2133 1112 2178 Melchioris
1125 2136 1208 2177 Ca-

164 2196 235 2248 ni,
261 2209 362 2251 quos
388 2191 557 2246 lucifugi
577 2192 648 2245 hi,
689 2207 734 2234 ae
763 2190 1065 2246 vespertiliones
1082 2192 1202 2235 nostri

165 2264 343 2304 aeterna,
377 2250 403 2292 fi
440 2249 618 2304 possent,
649 2248 860 2292 oblivione
879 2249 1147 2292 damnarent.

226 2307 346 2364 Quod
387 2319 525 2349 autem
570 2307 620 2349 ad
663 2306 849 2349 scientias
883 2338 896 2359 ,
941 2307 1120 2363 artesque
1164 2305 1207 2349 in

162 2363 405 2410 universum
436 2378 581 2406 omnes
614 2364 793 2417 pertinet
829 2395 843 2417 ‚
893 2365 1121 2408 cavendum
1147 2364 1206 2406 di-

164 2424 345 2480 ligenter
370 2452 382 2473 ,
415 2432 466 2462 ne
496 2419 685 2463 desidiosa
716 2419 918 2464 facilitate
946 2453 958 2475 ,
990 2437 1035 2464 ac
1067 2420 1206 2464 fallaci

164 2476 378 2525 lenocinio
413 2477 696 2520 recentiorum
728 2478 1006 2521 abstrahamur
1038 2496 1059 2521 a
1093 2495 1207 2523 com-

160 2538 318 2582 mercio
367 2547 553 2578 veterum
588 2565 600 2588 ‚
652 2547 859 2590 utcunque
901 2535 1131 2580 difficilium
1164 2536 1208 2579 ὃς

156 2596 433 2639 obscurorum
461 2606 470 2632 :
506 2606 680 2646 quorum
712 2594 781 2648 qui
813 2607 1000 2647 tempore
1035 2627 1047 2647 ‚
1079 2593 1207 2636 iidem

159 2652 206 2695 ἃ
237 2651 426 2695 utilitate
460 2648 732 2704 sapientiaque
764 2650 995 2705 praecedunt
1027 2672 1036 2692 .-
1081 2651 1207 2694 Unde

159 2723 251 2752 tum
286 2705 567 2751 recentiorum
588 2706 689 2748 ,usus
718 2705 772 2748 est
802 2707 986 2761 optimus
1013 2739 1025 2758 ‚
1075 2723 1205 2763 quan-

157 2766 210 2809 do
239 2765 288 2809 ad
322 2762 710 2816 interpretationem
743 2761 786 2804 <Sc
818 2762 977 2806 cultum
1010 2763 1206 2807 adhiben-

159 2835 225 2866 tur
276 2834 468 2865 veterum
502 2850 511 2860 .
561 2819 663 2874 Quae
707 2818 863 2861 utilitas
910 2835 994 2862 non
1032 2822 1153 2875 modo
1184 2837 1207 2863 a

157 2879 320 2923 criticis
356 2908 369 2929 ‚
420 2875 482 2919 sed
523 2875 566 2918 δί
606 2892 628 2917 a
673 2875 930 2932 pbilosophis
976 2878 1205 2921 nostrorum

166 2948 400 2991 temporum
458 2933 678 2988 percipitur
717 2950 725 2973 t
786 2948 961 2988 quorum
1021 2935 1205 2978 doctrina

168 2994 241 3037 lux
287 2991 419 3037 media
455 2989 508 3031 est
549 2990 657 3033 inter
691 3003 847 3033 mentes
888 2992 1038 3034 nostras
1066 2991 1109 3034 ὃς
1136 3008 1205 3036 ve-

167 3063 302 3094 terum
335 3046 570 3105 sapientiam
606 3079 614 3088 .
660 3048 830 3090 Veteres
867 3049 978 3091 enim
1013 3065 1109 3092 curn
1141 3049 1205 3092 in-

1258 440 1328 467 nes
1357 456 1369 477 ,
1401 421 1781 478 commotionesque
1812 421 2050 466 animorum
2071 455 2084 477 ,
2115 438 2160 468 ut
2190 418 2297 467 Ora-

1257 495 1407 535 tores,
1461 481 1504 523 ἃ
1548 479 1591 522 in
1638 480 1706 522 suo
1749 479 1913 534 quisque
1955 481 2132 535 artificio
2175 493 2297 538 atque

1256 538 1383 581 studio
1427 551 1644 593 germanas
1689 551 1824 579 rerum
1869 547 1988 579 notas
2031 538 2295 582 extulerunt.

1319 594 1442 637 Unde
1475 594 1703 637 recedentes
1734 608 1757 634 a
1787 593 2020 648 veteribus,
2052 594 2194 649 procul
2225 611 2296 638 au-

1259 652 1432 696 ferimur
1461 668 1483 694 a
1516 666 1612 694 vera
1647 648 1843 706 sapientia
1874 666 1884 691 1
1917 651 2117 706 quoniam
2151 652 2299 708 singuli

1262 723 1478 761 veterum,
1508 708 1578 764 qui
1614 707 1676 750 vel
1696 707 1805 750 inter
1833 708 2088 762 Historicos,
2112 708 2299 753 velinter

1260 769 1430 819 poetas,
1458 765 1568 808 inter
1596 764 1889 818 Philosophos‚
1923 765 1987 808 vel
2016 765 2128 809 inter
2143 767 2295 810 Orato-

1261 823 1651 875 reffiexoelluerunt,
1683 821 1761 865 sive
1788 837 1879 864 vera
1900 854 1912 875 ‚
1946 822 2029 867 sive
2055 823 2105 866 ab
2132 823 2166 866 se
2193 838 2297 866 con-

1259 882 1351 926 fieta
1381 880 1633 934 describant,
1666 879 1968 922 institutionem
1993 879 2183 936 sapientis
2198 881 2295 924 vitae

1259 938 1614 994 complefflmntur.
1651 937 1784 993 Igitur
1811 935 1838 978 si
1861 936 2055 981 Hebraeos
2078 937 2296 992 excipiasa

1260 999 1377 1050 Deo,
1411 1010 1495 1038 non
1521 995 1570 1037 ab
1595 993 1832 1036 hominibus
1854 994 2028 1037 eruditos
2044 1026 2056 1047 ,
2081 1010 2129 1037 ex
2148 995 2297 1038 huma-

1259 1070 1319 1096 nae
1345 1053 1548 1109 sapientiae
1573 1050 1825 1103 cultoribus,
1857 1051 1991 1094 Graeci
2020 1050 2295 1107 utiantiquis-

1259 1111 1346 1155 simi
1373 1142 1384 1163 ,
1419 1110 1467 1152 sic
1502 1108 1545 1151 ἃ
1578 1106 1857 1162 sapientissimi
1886 1139 1898 1158 ,
1942 1121 2062 1163 atque
2095 1107 2201 1151 inter
2227 1122 2296 1151 eos

1259 1167 1366 1211 idem
1397 1166 1464 1223 qui
1495 1177 1608 1208 aetate
1631 1196 1644 1218 ,
1698 1166 1816 1208 omni
1844 1165 1969 1207 etiam
1998 1164 2220 1218 sapientia,
2251 1164 2297 1208 δε

1257 1223 1497 1280 eloquentia
1530 1223 1684 1278 praestat
1716 1224 1952 1274 Homerus,
1984 1222 2096 1274 cujus
2133 1221 2299 1266 Poetica

1260 1281 1440 1324 imitatio
1475 1281 1660 1323 nativam
1706 1279 1833 1323 reddit
1882 1295 2017 1322 rerum
2052 1279 2297 1322 veritatem.

1260 1340 1342 1393 Qui
1376 1351 1512 1380 autem
1549 1337 1712 1392 propius
1743 1337 1791 1379 ad
1826 1335 1934 1379 illius
1961 1347 2150 1389 aetatem,
2171 1336 2297 1379 iidem

1260 1397 1386 1439 etiam
1420 1395 1467 1437 ad
1489 1394 1799 1437 similitudinem
1815 1425 1826 1445 ,
1858 1394 1901 1436 ὃς
1924 1392 2163 1447 sapientiam
2185 1408 2299 1437 acce-

1255 1453 1394 1505 dunt,
1449 1450 1587 1507 quales
1631 1465 1772 1505 praeter
1803 1449 2026 1494 Hesiodum
2056 1481 2068 1502 ‚
2120 1451 2298 1494 Homeri

1256 1508 1449 1565 aequaiem
1484 1540 1495 1560 ‚
1530 1508 1741 1562 AEschylus
1773 1523 1867 1551 cum
1903 1508 2046 1562 primis
2076 1507 2129 1551 est
2156 1538 2168 1561 ,
2201 1508 2298 1551 Pin-

1257 1568 1374 1610 darus
1390 1598 1401 1617 ,
1433 1565 1654 1620 Sophocles
1670 1597 1682 1618 ,
1716 1565 1933 1620 Euripides
1951 1597 1961 1607 .

1318 1625 1435 1671 Inter
1467 1623 1635 1666 Latinos
1680 1635 1818 1665 autem
1863 1621 2022 1666 dicendi
2059 1621 2185 1665 virtus
2215 1619 2296 1664 sso-

1259 1680 1368 1732 ruit,
1397 1680 1528 1735 quoad
1563 1679 1686 1723 libros
1718 1679 1908 1733 coluere,
1941 1693 2061 1734 atque
2095 1678 2297 1722 imitatio-

1258 1738 1300 1780 ni
1334 1738 1510 1780 studuere
1528 1737 1765 1781 Graecorum
1790 1752 1800 1779 t
1835 1737 2045 1793 postquam
2069 1751 2162 1779 vero
2180 1735 2298 1777 liber-

1255 1807 1382 1838 tatem
1417 1794 1669 1847 amiserunt,
1702 1808 1858 1836 novum
1896 1795 1964 1837 sub
1982 1792 2301 1849 Imperatoribus

1255 1866 1384 1909 genus
1415 1850 1661 1907 eloquentiae
1694 1863 1933 1903 tentarunt,
1966 1851 2140 1893 frafi‘tum
2169 1865 2287 1893 nem-

1284 1925 1303 1952 e
1336 1908 1465 1961 illud,
1496 1923 1680 1964 exangue
1700 1940 1712 1963 ,
1745 1924 1790 1951 ac
1816 1906 2026 1951 fucatumz
2063 1907 2299 1961 soliqueJu-

1255 1965 1482 2010 risconsulti
1529 1966 1725 2009 vetustam
1771 1964 1851 2008 stili
1901 1963 2206 2020 simplicitatem
2253 1962 2297 2006 &

1255 2023 1564 2079 integritatem,
1595 2039 1720 2078 quam
1753 2022 1907 2075 studio,
1939 2022 1981 2064 ἃ
2003 2019 2293 2064 consuetudine

1255 2082 1392 2136 legum
1438 2080 1692 2124 adsciverant
1722 2112 1734 2133 ,
1783 2079 1989 2123 retinuere
2036 2078 2155 2120 simul
2199 2092 2296 2120 cum

1255 2153 1395 2181 amore
1419 2137 1651 2191 libertatis,
1682 2152 1806 2194 quem
1841 2136 2163 2192 profitebantur,
2196 2134 2295 2177 dum

1253 2195 1350 2248 jussa
1388 2195 1627 2250 Principum
1673 2195 1721 2238 ad
1767 2194 1865 2245 juris
1914 2193 2117 2237 rationem
2164 2192 2205 2234 &
2250 2190 2300 2234 ad

1256 2268 1525 2296 communem
1562 2252 1703 2309 populi
1737 2251 1962 2296 utilitatem
1991 2247 2296 2304 interpretatio-

1256 2326 1306 2353 ne
1341 2309 1404 2352 sua
1437 2310 1713 2363 revocabant,
1746 2322 1789 2353 ut
1813 2310 1977 2353 decebat
1997 2322 2091 2360 eos,
2123 2320 2299 2361 quorum

1255 2366 1420 2411 animus
1451 2368 1601 2410 assiduo
1634 2369 1743 2411 inter
1774 2367 1881 2421 leges
1914 2378 2066 2408 veteres
2099 2394 2111 2415 ,
2144 2364 2296 2415 nempe

1257 2425 1368 2468 inter
1399 2440 1530 2468 mores
1577 2425 1841 2480 antiquorum
1884 2423 2075 2467 candidos
2118 2419 2161 2462 &
2195 2418 2295 2460 libe-

1257 2498 1321 2526 ros
1355 2482 1613 2526 versabatur.
1648 2483 1739 2525 Nos
1770 2496 1867 2524 vero
1900 2479 1997 2522 Itali
2036 2476 2298 2528 recentiores,

1255 2555 1429 2594 quorum
1487 2539 1653 2594 ingenia
1693 2570 1706 2592 ,
1766 2538 1810 2580 ὃ(
1854 2538 1990 2581 literas
2033 2536 2297 2577 barbarorum

1256 2596 1432 2652 irruptio
1470 2628 1482 2648 ,
1546 2609 1664 2651 atque
1727 2594 1852 2652 longa
1908 2593 2139 2636 dominatio
2198 2606 2299 2635 con-

1255 2654 1487 2697 culcaverat
1532 2669 1544 2706 ;
1612 2651 1821 2708 postquam
1882 2651 1948 2694 diu
2001 2649 2253 2702 jacuissemus
2286 2678 2298 2700 ,

1255 2711 1304 2753 ad
1351 2723 1530 2753 veterem
1577 2708 1786 2752 literarum
1832 2707 2007 2763 gloriam
2066 2706 2185 2750 ereffi
2237 2704 2296 2747 su-

1255 2782 1346 2809 mus
1377 2767 1426 2809 ab
1456 2766 1585 2809 altero
1634 2781 1755 2821 prope
1788 2768 1976 2809 Homero
2001 2798 2014 2819 ,
2066 2767 2199 2806 Dante
2233 2762 2295 2804 ni-

1255 2825 1407 2866 mirum
1441 2823 1658 2878 Aligherio
1684 2855 1696 2870 ,
1750 2839 1820 2877 per
1861 2838 1983 2879 quem
2028 2821 2165 2864 divina
2200 2819 2293 2861 Pro-

1255 2881 1437 2924 videntia
1485 2880 1638 2923 remisit
1673 2880 1807 2923 Italiae
1846 2879 2059 2937 pristinam
2102 2876 2295 2920 doni-im:

1252 2952 1374 2993 atque
1417 2937 1663 2992 eloquentiae
1709 2938 1843 2982 lucem
1886 2953 1907 2980 e
1940 2935 2146 2980 cineribus
2178 2937 2292 2977 Groe-

1254 3011 1395 3037 corum
1426 3027 1438 3048 ,
1487 2995 1530 3038 &
1579 2995 1822 3039 Latinorum
1881 2994 1923 3038 in
1970 2991 2186 3036 vernacula
2231 2991 2287 3034 di-

1257 3051 1344 3095 vini
1388 3051 1587 3108 poematis
1631 3052 1775 3109 lingua
1819 3050 2047 3096 felicissime
2080 3049 2293 3092 renascen-

166 3106 397 3160 veniendo,
430 3116 518 3148 tum
550 3105 820 3160 exprimendo
840 3120 1033 3150 naturam
1057 3106 1202 3163 ipsam,
1255 3122 1340 3153 tem
1382 3140 1422 3175 ,ἢ
1467 3107 1672 3165 novosque
1733 3109 1892 3153 Latinae
1945 3109 2176 3162 Graecaequr
2231 3105 2290 3148 di-

2186 3163 2288 3205 &io-
