2451 3470
184 125 392 226 zitggf’tus
435 180 577 214 autem
621 168 692 213 vel
735 168 879 214 civiles
916 170 1006 213 sunt
1038 202 1052 223 ,

178 254 228 296 pe
272 229 484 281 venien-tes
547 241 598 269 ex
652 225 844 270 civilibus
902 227 1176 273 contraffibus
1210 260 1223 283 ,

174 294 315 352 quales
362 287 451 330 sunt
497 282 706 339 pensiones
755 299 794 327 ν,
818 301 856 341 g.
918 285 1066 329 dom-us
1113 287 1224 331 loca·
1270 286 1417 330 diderit
1451 320 1461 331 .

170 366 222 397 tae
248 385 264 407 ,
304 361 428 403 atque
471 342 597 387 usurae
650 341 775 397 paffiae
819 344 927 386 inter
973 344 1221 388 contrahen·
1278 345 1410 388 citur.

174 423 237 456 tes
274 424 288 464 3
329 403 394 451 vel
440 400 559 458 ipsius
603 411 755 441 naturae
818 399 958 454 sponte
1003 402 1178 445 veniunt
1213 432 1225 455 ,

690 94 1791 153 INSTITUTIONES

1123 186 1222 216 nem
1268 165 1357 214 -me
1387 182 1509 215 antea
1540 176 1847 218 commodatam
1872 191 1882 217 τ
1925 177 1991 221 vel
2032 179 2058 223 fi
2089 180 2180 235 quis
2210 177 2312 224 Cia-

1271 244 1339 273 ves
1385 231 1543 274 Domus
1587 232 1730 275 animo
1773 233 1934 278 Domus
1982 238 2180 286 donandae
2227 251 2310 281 tra-

1512 290 1613 344 Quae
1658 289 1840 334 venditio
1885 308 1956 346 per
1986 293 2218 357 symbolum
2249 296 2309 338 di-

1332 403 1603 448 Transfertur
1645 404 2028 452 itemrdominium
2071 408 2114 452 in
2156 420 2308 452 certam

181 480 229 513 ut
285 464 419 510 herbae
456 490 469 513 ,
525 456 684 505 soenum
726 488 740 509 ‚
800 455 844 499 &
903 457 1054 501 frustus
1104 471 1223 503 natu·
1276 460 1516 514 personam,
1549 461 1764 513 mittendis
1795 463 1916 506 donis
1944 464 1989 508 in
2023 465 2193 524 vulgus,
2222 481 2310 520 quae

183 524 289 569 tales
350 516 653 576 appellantur3
711 525 782 556 aut
834 516 1050 559 accedente
1101 530 1225 571 opera
1272 516 1569 573 colligentibus
1599 521 1896 575 adquiruntur.

183 578 371 627 ‘hominis
411 591 434 619 a
480 574 643 617 Natura
688 570 1003 625 producuntur,
1049 585 1094 617 ut
1124 576 1224 618 Fru-

181 649 374 684 mentum
416 662 430 686 ,
486 628 653 673 Vinum
691 658 706 682 ,
764 629 809 672 &
865 629 1058 674 dicuntur
1104 631 1228 675 indu-

173 692 338 742 'strivales
357 724 367 734 .

246 743 580 795 Usufrufiuari-us
624 757 719 786 vero
745 774 759 796 ,
801 743 845 787 &
878 743 1065 788 Colonus
1089 776 1104 799 ‚
1146 745 1227 789 five

185 806 432 855 conductor
477 812 760 858 perceptorum
813 814 976 845 tantum
1002 803 1226 847 :fructuum

191 864 427 910 dominium
459 859 707 915 adquirunt:
741 873 842 912 quos
873 872 1008 902 autern
1031 875 1114 903 non
1138 877 1225 916 per-

187 922 402 979 ceperint,
436 917 466 961 ii
499 918 581 972 post
613 926 791 957 mortem
826 915 992 959 illorum
1013 949 1025 970 ‚
1058 918 1106 960 ad
1135 932 1229 973 pro-

177 978 429 1037 prietarium
458 1006 470 1026 ‚
518 989 603 1017 non
647 971 695 1015 ad
737 971 900 1016 heredes
930 989 1071 1017 eorum
1104 974 1222 1030 perti-

186 1050 289 1083 nent
321 1066 333 1078 .
387 1032 474 1084 (a)
883 1087 890 1095 ·
986 1088 993 1096 ι

247 1090 532 1149 Quamobrem
574 1086 618 1130 ἃ
651 1085 772 1129 foetus
806 1087 1072 1131 Animal-ium
1122 1100 1229 1132 tarn-

184 1167 312 1210 quam
358 1146 509 1195 frustus
555 1144 601 1188 ad
644 1143 982 1188 usufrue’cuarium
1018 1145 1230 1201 spectant,

185 1219 358 1264 excepto
413 1215 530 1260 partu
596 1201 857 1245 Ancillarum
894 1234 906 1255 ,
962 1203 1031 1258 qui
1087 1203 1232 1260 spefi’mt

189 1267 238 1311 ad
283 1260 602 1321 proprietarium
638 1275 650 1312 3
696 1274 791 1302 cum
836 1259 1052 1303 absurdum
1098 1261 1229 1304 visum

189 1324 317 1368 fuerit
349 1320 566 1365 hominem
600 1316 762 1359 homini
794 1316 869 1360 effe
902 1317 945 1360 in
977 1316 1136 1361 fructu.
1162 1319 1232 1370 (b)

251 1383 317 1425 Ita
375 1393 474 1422 vero
524 1374 784 1418 fruetuarius
832 1374 878 1416 -in
930 1373 1125 1418 frustibus
1170 1375 1233 1419 lu-

186 1436 351 1483 crandis
384 1432 540 1478 'versari
583 1432 700 1474 debet
726 1462 738 1484 ‚
789 1442 833 1473 ut
877 1431 923 1474 de
957 1432 1091 1483 Agnis
1117 1433 1232 1488 capi-

194 1508 237 1540 ta
292 1491 470 1550 suppleat
529 1489 837 1532 demortuarum
888 1489 1093 1532 Pecudum
1126 1521 1138 1543 ‚
1189 1490 1234 1533 &

189 1567 321 1596 novas
355 1551 533 1594 Arbores
563 1547 606 1590 &
640 1547 759 1590 Vites
803 1545 897 1590 loco
930 1559 1115 1591 veterum
1146 1545 1234 1593 sub-

187 1610 329 1654 stituat
353 1639 362 1651 .

249 1668 324 1710 Per
357 1662 646 1708 inventionem
677 1676 848 1717 quoque
877 1661 1138 1715 dominium,
1169 1660 1232 1714 {u-

192 1740 238 1769 re
270 1737 426 1767 naturae
448 1754 460 1775 ‚
493 1737 537 1763 ac
567 1719 758 1776 gentium
784 1748 793 1762 .,
823 1720 1077 1775 adquirimus
1110 1735 1231 1776 pecu-

190 1783 272 1826 niae
314 1778 556 1824 absconditae
602 1777 714 1828 cujus
747 1777 956 1820 Dominus
989 1778 1233 1834 ignoratur,

191 1852 345 1894 nempe
389 1834 564 1879 thesauri
605 1851 618 1888 3
680 1833 739 1876 sed
785 1835 1043 1888 praesentibus
1084 1835 1234 1890 ubique

193 1895 371 1951 receptis
404 1893 584 1936 moribus
605 1923 617 1945 ,
671 1903 834 1934 tantum
861 1891 910 1936 in
942 1893 1043 1936 fisci
1071 1891 1233 1936 utilita-

191 1965 277 1999 tem
310 1952 544 1994 Thesaurus
578 1948 814 1992 invenitur.

253 2012 329 2054 Per
377 2007 644 2051 traditionem
701 2006 943 2050 transfertur
989 2005 1230 2051 dominium

191 2067 253 2113 rei
307 2066 463 2110 traditae
518 2064 560 2106 in
613 2062 885 2116 accipientem
925 2096 937 2118 ,
1000 2065 1027 2108 fi
1069 2067 1232 2109 animus

1333 577 1442 618 Item
1474 607 1485 627 ,
1517 575 1561 618 ἃ
1593 576 1620 619 si
1651 578 1739 631 quis
1770 577 1933 633 aliquod
1964 578 2109 624 habeat
2143 595 2214 634 pro
2244 581 2311 624 de·

1269 629 1447 686 relifto,
1479 633 1523 676 ὅ(
1556 633 1662 676 nolit
1691 634 1775 685 ejus
1807 636 1862 678 rei
1894 636 2130 688 dominium
2150 637 2312 690 habere3

1278 700 1376 732 tunc
1418 690 1532 732 enim
1582 691 1819 735 dominium
1858 692 2087 749 adquiritur
2130 694 2206 749 ei,
2247 697 2311 738 cui

1279 761 1365 790 rem
1395 761 1488 790 earn
1524 747 1603 791 sors
1626 748 1825 792 obtulerit
1843 781 1853 791 .

1331 804 1454 847 Secus
1493 816 1572 847 erit
1601 837 1615 858 ,
1661 805 1688 848 fi
1721 805 1873 861 aliquid
1905 836 1918 860 ‚
1960 806 2268 851 dum‘curreret
2300 838 2314 859 ‚

1275 860 1436 910 nolenti
1469 862 1516 905 de
1545 861 1670 905 rheda
1701 862 1899 906 exciderit
1922 895 1935 916 ‚
1983 877 2054 907 aut
2083 865 2179 920 quid
2212 880 2315 908 nau-

1279 917 1410 974 fragio
1442 919 1623 962 amiserit
1651 951 1662 971 ‚
1706 932 1777 962 aut
1821 919 2022 964 servandae
2053 922 2188 964 Navis
2219 937 2313 965 cau-

1280 975 1315 1017 sa
1345 978 1391 1019 in
1424 976 1536 1019 Mari
1568 976 1657 1031 quis
1691 976 1904 1031 projecerit
1931 1008 1943 1030 ,
1977 991 2074 1022 tunc
2105 978 2220 1021 enim
2254 994 2316 1021 re-

1277 1048 1370 1075 rum
1404 1032 1569 1090 illa-rum
1613 1033 1849 1075 dominium
1894 1035 1947 1076 ab
1990 1051 2038 1078 eo
2070 1051 2154 1079 non
2187 1036 2313 1079 absce-

1277 1089 1364 1143 dit,
1396 1090 1439 1133 &
1472 1101 1666 1133 inventor
1699 1090 1886 1132 Domino
1919 1090 1989 1133 sibi
2020 1105 2121 1135 noto
2149 1108 2214 1137 eas
2229 1094 2315 1136 red-

1277 1147 1370 1190 dere
1400 1147 1517 1190 debet
1547 1177 1558 1198 ,
1604 1159 1676 1189 aut
1719 1147 1885 1202 publico
1927 1148 2073 1204 scripto
2107 1165 2194 1194 rem
2225 1167 2249 1194 a
2279 1150 2315 1194 st

1279 1205 1493 1248 inventam
1527 1204 1801 1247 denunciare.

1340 1264 1420 1305 Res
1452 1263 1615 1305 tandem
1648 1276 1698 1304 ex
1730 1261 1809 1304 alia
1851 1260 2048 1307 divisione
2073 1295 2086 1317 ,
2132 1264 2197 1308 vel
2227 1280 2318 1307 cor-

1280 1318 1436 1373 porales
1491 1319 1581 1361 sunt
1609 1351 1620 1372 ,
1675 1334 1763 1374 quae
1821 1318 1992 1363 sensibus
2046 1323 2318 1378 comprehen-

1279 1376 1431 1419 duntur
1455 1407 1468 1430 ‚
1532 1375 1597 1419 vel
1654 1376 1931 1430 incorporales
1956 1408 1969 1430 ,
2023 1392 2111 1433 quae
2166 1379 2320 1435 cogita-

1283 1433 1409 1477 tione·
1452 1445 1576 1489 atque
1637 1433 1784 1476 animo
1845 1433 2150 1479 contrectantur
2188 1467 2201 1488 ‚
2270 1449 2317 1479 ut

1284 1492 1378 1535 sunt
1409 1492 1506 1543 Jura
1537 1523 1551 1544 ,
1583 1491 1661 1535 sive
1695 1489 1906 1534 facultates
1937 1493 2082 1547 agendi
2111 1524 2124 1545 ,
2154 1506 2226 1536 aut
2258 1507 2320 1534 re-

1282 1548 1438 1592 tinendi
1465 1581 1478 1603 ,
1519 1548 1565 1592 ὃς
1607 1548 1816 1592 servitutes
1847 1578 1864 1602 0
1915 1548 1963 1592 de
2004 1549 2148 1605 quibus
2190 1550 2313 1593 modo

1279 1605 1522 1664 loquemur,

1506 1753 2084 1821 TtTULUSIL

1337 1950 1403 1994 De
1430 1949 1696 2004 servitutibus
1727 1947 1980 2003 Rusticorum
1999 1979 2013 2002 ,
2044 1946 2100 1992 <9⁴
2131 1949 2256 1992 Urba-

1583 2024 1717 2049 norum
1748 2007 1989 2049 Praediorum
2005 2037 2016 2047 .

195 2123 374 2169 Domini
422 2121 616 2164 tradentis
643 2153 658 2174 ,
700 2121 744 2163 δε
786 2119 906 2171 justus
940 2122 1085 2167 titulus
1116 2139 1230 2166 acce·
1285 2159 1289 2163 .

193 2184 301 2235 dat;
348 2179 376 2223 fi
428 2194 526 2222 vero
571 2179 616 2221 de
660 2195 700 2222 re
753 2178 1000 2235 incorporali
1044 2195 1186 2237 agatur
1219 2215 1231 2236 ‚

186 2252 290 2296 puta
321 2237 367 2280 de
400 2235 484 2287 jure
507 2266 520 2287 ‚
550 2247 620 2279 aut
654 2235 848 2280 servitute
870 2268 881 2287 ‚
915 2237 1150 2282 traditionis
1173 2239 1231 2283 lo-

184 2312 239 2340 co
273 2327 287 2349 ,
336 2292 419 2337 erit
478 2293 659 2349 patentia
720 2294 896 2337 Domi-ni
948 2295 993 2338 ὃς
1039 2296 1129 2342 usus
1171 2298 1231 2341 al-

190 2352 345 2397 terius.

250 2409 329 2454 Rei
371 2407 727 2470 autem-vendi-tae
760 2439 772 2460 ‚
823 2410 1010 2465 quamvis
1041 2412 1227 2454 nond-um

190 2468 348 2511 traditae
379 2497 392 2518 ,
439 2465 557 2507 nobis
601 2464 834 2510 dominium
867 2467 1152 2523 adquirimus,
1201 2468 1228 2512 fi

184 2524 310 2569 nobis
341 2539 364 2566 a
397 2522 607 2565 venditore
637 2523 733 2566 fides
765 2523 812 2568 de
846 2525 1109 2579 persolvendo
1136 2540 1224 2582 pre-

186 2584 251 2626 tio
285 2581 505 2638 habeatur.

255 2641 348 2682 Nec
390 2637 528 2679 minus
571 2636 805 2681 dominium
867 2639 1111 2684 transfertur
1160 2655 1230 2694 per

1355 2177 1530 2223 Ervitus
1571 2179 1626 2222 est
1656 2179 1725 2230 Jus
1768 2176 1811 2220 in
1855 2175 1989 2221 aliena
2032 2192 2074 2221 re
2122 2175 2316 2223 eonstitu-

1378 2250 1505 2290 tum‚
1560 2247 1603 2279 ut
1655 2234 1742 2285 ejus
1797 2234 2006 2278 Dominus
2056 2234 2267 2279 tolerando
2298 2264 2311 2284 ,

1280 2292 1342 2336 vel
1376 2293 1610 2338 abstinendo
1643 2291 1762 2336 alteri
1795 2291 1917 2346 profit
1938 2323 1947 2332 .
1980 2291 2218 2335 Tolerando
2238 2322 2252 2344 ‚
2284 2290 2310 2332 si

1279 2351 1346 2394 suo
1377 2352 1422 2395 in
1456 2350 1582 2394 fundo
1628 2349 1803 2405 patiatur
1847 2364 1886 2391 ν.
1917 2364 1958 2404 g.
1991 2361 2034 2392 ut
2063 2348 2167 2392 alter
2192 2361 2311 2394 Vtran-

1279 2408 1398 2468 sea‘tv,
1441 2407 1507 2452 vel
1537 2408 1774 2459 jumentum
1806 2417 1935 2462 agat3
1981 2404 2246 2456 abstinenio‚
2278 2403 2311 2449 fi
2361 2402 2393 2453 ,'

1277 2481 1316 2509 v.
1347 2483 1385 2522 g.
1429 2465 1468 2517 ‚se
1510 2465 1722 2509 contineat
1763 2464 1813 2506 ab
1852 2461 2088 2506 extollendo
2121 2461 2310 2516 AEdificio

1279 2523 1349 2568 suo
1374 2555 1387 2577 ,
1431 2538 1483 2567 ne
1529 2522 1720 2579 proximo
1746 2518 1941 2564 AEdificio
1970 2518 2134 2563 alterius
2167 2519 2309 2563 lumen

1330 2599 1338 2624 i
1389 2592 1459 2624 at.

1273 2583 1438 2681 adsmmt
1469 2647 1605 2680 autem
1646 2631 1863 2676 servitutes
1904 2632 1960 2677 rei
2006 2633 2159 2678 rusticae
2189 2665 2202 2687 ,
2242 2633 2307 2676 vel

163 2711 165 2713 ·
192 2696 430 2741 famula-tam
465 2692 728 2738 traditionem
755 2725 767 2746 ,
811 2708 855 2738 ut
884 2696 916 2738 *fi
950 2713 1035 2740 rem
1060 2730 1072 2751 ‚
1104 2696 1227 2753 qaam
1277 2695 1440 2738 urbanae
1465 2724 1477 2746 ,
1520 2693 1618 2735 ficut
1660 2692 1703 2733 8(
1737 2691 1922 2733 Praedia.
1974 2691 2122 2733 Praedia
2155 2691 2307 2753 urban-a

197 2754 305 2798 mihi
352 2750 491 2792 Titius
545 2750 699 2803 debet,
747 2750 845 2801 jussu
898 2768 993 2796 meo
1031 2753 1103 2796 'sibi
1149 2767 1228 2797 tra·
1279 2753 1367 2795 sunt
1402 2749 1625 2801 AEdifici23
1673 2747 1814 2791 rustica
1865 2747 1955 2791 sunt
1988 2747 2077 2791 loca
2109 2747 2306 2791 AEdificm

190 2811 259 2855 dat
281 2816 310 2864 .;‘
356 2822 481 2863 eaque
532 2806 649 2849 finio
704 2807 834 2851 brevis
878 2824 1022 2853 manus
1051 2811 1230 2866 appella·
1278 2824 1432 2853 vacua.
1464 2808 1545 2859 (c)

181 2881 252 2913 tur
287 2899 301 2922 ,
358 2877 428 2910 aut
470 2864 498 2907 fi
537 2864 653 2907 suam
694 2865 767 2909 esse
817 2864 944 2911 velim
986 2883 1073 2912 rem
1105 2867 1174 2911 fibi
1206 2885 1228 2911 a

187 3052 692 3070 —————————ffi-v—-=———

236 3123 257 3162 (
270 3121 318 3159 a)
344 3123 381 3152 L.
403 3131 454 3159 13.
469 3118 503 3159 ff.
522 3118 637 3162 quibus
665 3119 745 3152 mod.
765 3119 867 3162 usufr·
882 3121 977 3154 amit.

226 3165 310 3207 (b)
338 3163 498 3209 L.-28·ff.
515 3165 663 3206 deaasur·

1350 2864 1573 2909 Se-rvitutes
1633 2859 1786 2905 rusticae
1827 2862 1917 2905 sunt
1975 2861 2094 2915 iter,
2150 2861 2261 2925 affius
2291 2890 2306 2914 ‚

2212 2934 2306 2971 via,

1272 3056 1483 3065 ———-—-

1322 3120 1342 3160 (
1355 3119 1399 3160 c)
1416 3122 1461 3153 AL.
1477 3117 1588 3153 Fundi·
1599 3127 1645 3149 -21
1656 3127 1682 3149 1.
1695 3115 1732 3159 ff.
1750 3113 1788 3151 de
1801 3114 2013 3158 verb-fignif-
