2451 3470
208 152 229 176 ‘³

208 174 400 236 =accipere
424 210 439 232 ‚
485 175 831 232 quemadmodum
879 174 1061 218 Neronis
1093 176 1265 218 creatio-

220 254 316 285 nem
348 234 534 280 describit
564 234 739 277 Tacitus
768 235 834 285 (a
860 232 877 284 )
909 231 972 275 his
1007 231 1138 274 verbis
1168 232 1265 273 Illa-

220 297 359 352 tasque
387 292 525 347 castris
555 291 661 334 Nero
688 323 700 344 ,
723 289 790 340 ,Θ
822 289 1070 345 congruentia
1103 289 1265 342 tempori

212 352 400 416 praefatus
426 383 437 401 ,
481 346 661 405 promiffo
704 347 895 390 donativo
921 377 934 400 ,
965 346 1018 387 ad
1049 346 1265 399 exemplum

215 425 384 472 paternae
415 406 643 462 largitionis
668 435 679 457 ,
712 407 927 460 Imperator
957 402 1225 454 consalutata,-
1251 432 1264 453 ,

219 466 465 515 Sententiam
497 463 673 505 militum
698 461 834 515 secuta
866 461 1036 502 Patrum
1065 458 1265 511 consulta.

221 531 283 572 Et
325 520 523 579 quoniam
569 519 692 574 vulgo
718 550 728 567 ,
772 534 818 560 ac
863 516 1015 569 semper
1046 515 1094 557 ad
1127 517 1261 569 Impe-

220 596 399 628 ratorem
442 577 588 628 justum
632 591 678 618 ac
710 573 948 630 legitimum
982 571 1164 615 futurum
1199 587 1261 613 ae-

220 639 384 685 cedebat
423 635 467 677 S.
489 635 544 676 C.
589 644 799 687 propterea
848 629 1028 673 historici
1072 629 1118 672 de
1150 643 1264 671 more

221 695 429 741 transeunt
461 692 504 734 in
536 689 671 731 medio
703 687 830 742 posita
857 719 872 740 ,
913 686 1078 741 satisque
1113 686 1263 728 babent

218 754 476 798 voluntatem
509 745 655 788 referre
688 744 898 793 militum,
932 759 1061 798 neque
1093 744 1263 785 Senatus

216 823 381 867 operam
430 805 511 849 fere
556 815 889 846 commemorant
917 832 930 854 ‚
978 799 1051 842 nisi
1101 799 1261 855 quando

220 881 351 911 novus
396 865 626 915 Imperator
669 857 840 901 initium
872 857 916 900 ἃ
948 856 1114 900 culmen
1148 855 1260 898 sortis

221 932 295 969 suae
335 937 358 964 a
404 918 590 962 Patribus
623 914 741 958 unice
770 914 970 969 acciperet
995 944 1005 956 .
1042 916 1156 955 Nam
1191 927 1260 954 ne-

218 997 295 1027 cue
327 977 608 1021 historicorum
633 971 687 1016 est
704 971 892 1014 adhibere
914 970 1120 1014 cautiones
1141 969 1258 1020 Juris-

220 1031 495 1082 consultorum
515 1062 528 1084 ,
556 1043 688 1084 neque
713 1028 739 1070 fi
760 1027 847 1083 quis
868 1026 1138 1069 Catholicum
1162 1026 1262 1079 Epi-

221 1097 385 1149 scopum
416 1106 439 1133 a
470 1086 731 1131 Sacerdotum
767 1084 941 1138 collegio
974 1095 1153 1126 creatum
1188 1097 1261 1124 no-

222 1151 307 1195 stris
339 1145 590 1202 temporibus
623 1141 788 1185 referret
819 1172 830 1193 ,
873 1152 1085 1196 propterea
1121 1140 1259 1183 Ponti-

220 1208 305 1253 ficis
337 1203 519 1248 Romani
551 1198 834 1244 aii-{toritatem
864 1228 877 1250 ,
916 1212 1038 1252 quam
1081 1195 1262 1238 reticuis-

223 1268 276 1309 set
300 1295 314 1318 ‚
357 1259 558 1306 exclusisse
600 1256 826 1302 censeretur
862 1270 875 1306 ς
918 1268 1014 1296 narn
1047 1252 1142 1308 quid
1177 1253 1261 1296 ine-

222 1322 331 1379 ptius
354 1351 367 1373 ,
398 1331 520 1374 quam
555 1313 713 1370 quoties
741 1312 933 1355 usuvenit
965 1311 1003 1353 id
1037 1321 1213 1364 repetere
1246 1341 1259 1361 ,

219 1381 301 1424 sine
331 1391 412 1433 quo
444 1372 619 1417 minime
651 1385 710 1414 res
741 1369 845 1425 gesta
867 1367 1117 1411 consisteret?
1151 1365 1262 1420 Quid

225 1434 415 1491 frigidius
442 1462 454 1483 ‚
497 1443 620 1485 quam
672 1426 741 1469 illa
775 1425 980 1469 inculcare
1004 1455 1015 1477 ‚
1048 1438 1136 1479 quae
1167 1439 1257 1487 pro-

221 1508 311 1549 pter
352 1502 494 1533 eorum
529 1485 799 1529 necessitatem
829 1514 843 1535 ,
874 1494 993 1537 atque
1025 1482 1139 1524 usum
1172 1494 1257 1544 ani·

219 1550 301 1594 mis
340 1544 533 1591 omnium
577 1542 916 1598 praesumuntur?
967 1538 1084 1581 Hinc
1134 1538 1261 1580 Taci-

222 1621 286 1650 tus
310 1636 323 1657 ,
374 1603 580 1658 postquam
628 1596 917 1652 Vespasianum
950 1596 996 1637 ad
1034 1594 1259 1649 Imperium

225 1662 425 1707 sublatum
457 1656 629 1700 ostendit
655 1686 666 1707 ‚
715 1651 893 1696 breviter
925 1650 1064 1702 adjicit
1093 1668 1101 1692 :
1134 1653 1256 1693 Sena-

226 1735 308 1763 tam
340 1718 376 1761 ei
407 1715 541 1760 cun&
570 1711 828 1766 Principibus
851 1708 975 1763 solita
1005 1705 1258 1771 decreuffef

222 1777 450 1822 Facultates
493 1785 640 1825 nempe
683 1769 770 1811 istas
795 1799 807 1821 ,
856 1767 899 1809 ἂ
941 1780 1113 1809 munera
1161 1780 1261 1808 civi-

227 1835 281 1878 lia
305 1866 318 1889 ,
359 1831 402 1875 &
433 1829 624 1874 militaris
648 1824 822 1881 ‘imperii
855 1823 1213 1868 confirmationem
1248 1852 1261 1875 ,

222 1907 302 1948 qua
350 1887 534 1932 militum
582 1882 772 1926 voluutas
821 1880 1158 1936 adprobabatur:
1215 1891 1260 1921 ut

225 1948 359 2003 palam
410 1961 460 1988 ex
508 1943 588 1986 hoc
631 1940 844 1983 evincatur
874 1969 885 1990 ‚
935 1937 1076 1980 eadem
1111 1936 1153 1979 in
1186 1934 1262 1977 sin-

224 2004 330 2061 gulis
373 2004 676 2056 Imperatorum
721 1994 992 2039 creationibus
1042 1992 1153 2036 fuisse
1199 2006 1258 2035 re—

226 2061 352 2118 petita
379 2075 391 2112 3
436 2053 691 2112 praetermissa
736 2068 831 2095 vero
862 2051 935 2095 esse
968 2065 1060 2094 tum
1093 2050 1142 2092 ab
1173 2064 1223 2091 eo
1248 2079 1260 2101 ,

227 2134 319 2162 tum
363 2118 412 2159 ab
455 2111 652 2157 historicis
694 2108 782 2152 aliis
827 2108 958 2164 saepe,
1001 2106 1094 2162 quia
1140 2105 1261 2161 vulgo

228 2185 446 2232 paterent:
505 2185 580 2213 nec
624 2165 872 2211 nominatim
917 2165 1090 2208 Senatus
1131 2177 1263 2218 partes

227 2231 340 2275 fuisse
384 2223 763 2272 commemorandas
789 2255 801 2275 ,
843 2221 917 2264 nisi
951 2237 1044 2265 cum
1075 2235 1159 2262 non
1189 2236 1260 2262 au-

227 2289 459 2333 &oritatem
504 2294 666 2326 tantum
693 2312 706 2334 ,
749 2280 810 2322 sed
850 2278 894 2321 &
941 2293 1061 2333 opem
1087 2308 1099 2329 ,
1132 2275 1260 2320 confi-

230 2346 414 2400 liumque
446 2342 557 2384 suum
592 2338 724 2380 Patres
757 2333 1017 2391 praestitiffent
1050 2349 1062 2386 ς
1092 2345 1161 2376 aut
1191 2348 1259 2387 ap-

231 2400 370 2459 pellati
415 2415 438 2442 a
479 2395 679 2439 militibus
724 2396 996 2448 Imperatores
1040 2405 1124 2453 non
1167 2403 1260 2433 ante

230 2458 336 2515 quod
383 2471 403 2499 a
455 2452 655 2497 militibus
695 2449 934 2493 offerebatur
975 2446 1216 2501 accepissent
1248 2478 1261 2499 ,

231 2515 307 2559 nisi
349 2512 559 2568 postquam
592 2505 882 2552 intellexissent
914 2506 1082 2566 Senatu—s
1116 2504 1262 2567 volun·-

228 2585 355 2616 tatem
384 2585 396 2622 3
440 2583 534 2612 cum
575 2577 644 2609 aut
694 2562 935 2607 contendere
967 2576 1095 2605 armis
1125 2576 1262 2615 nequi-

228 2642 347 2681 rent,
380 2638 448 2668 aut
480 2625 618 2679 legum
647 2620 932 2664 au&0ritatem
960 2618 1159 2662 violenter
1174 2633 1260 2681 par-

231 2700 316 2730 tarn
361 2698 442 2725 non
486 2681 620 2723 minus
661 2691 824 2732 turpem
867 2675 936 2720 sibi
963 2706 975 2730 ,
1005 2690 1128 2732 quam
1161 2690 1262 2731 peri-

233 2741 413 2788 culosam
444 2738 721 2782 existimarent
737 2765 746 2776 .

275 3061 359 3101 (b)
383 3058 442 3090 lib.
474 3070 499 3090 ι.
526 3055 596 3097 hist.

276 3109 295 3145 ζ
315 3104 360 3142 c)
388 3101 515 3145 vopisc.
540 3102 577 3134 in
602 3098 772 3134 Aurelian.
797 3108 823 3130 c·
849 3107 901 3138 40.

276 3149 355 3189 (d)
380 3151 515 3182 Sveton.
541 3146 578 3179 r'n
596 3143 687 3177 Gale.
715 3152 739 3176 ε.
760 3152 808 3175 ιο,

552 83 1964 159 DEROMANOIMPERIO

1447 232 1491 274 C
1550 231 1588 272 Α
1652 229 1680 272 Ρ
1739 229 1784 271 U
1844 234 1887 275 T
2000 235 2225 283 xxxm.

1425 346 1495 390 De
1522 346 1694 388 Senatus
1722 345 1952 390 austoritate
1981 349 2025 393 in
2046 352 2241 396 creatione

1701 404 1955 458 Imperatoris
1968 436 1978 446 .

1442 517 1510 557 Ua
1554 515 1756 570 opinione
1802 515 1871 571 qui
1916 517 2128 571 pei-volvet
2172 520 2359 564 historias

1342 626 1348 633 Ι
1455 572 1594 625 passim
1626 572 1809 615 creandis
1842 575 2190 629 Imperator-ibus,
2222 578 2357 620 intue-

1312 626 1420 669 bitur
1465 628 1639 671 Senatus
1670 629 1905 683 potestatem
1937 630 2185 685 explicatam
2215 663 2227 684 ,
2271 649 2358 675 non

1314 696 1476 726 tantum
1512 700 1581 739 per
1613 686 1757 729 seriem
1791 685 1972 740 priorum
2009 687 2101 729 inde
2133 689 2185 730 ab
2216 691 2365 743 Augu-

1312 740 1368 783 sto
1387 740 1569 784 exorsam
1593 756 1605 794 3
1636 742 1696 785 sed
1716 741 1838 784 etiam
1857 742 2149 797 posteriorum,
2179 760 2360 799 quorum

1311 797 1565 840 creationem
1599 799 1646 840 ad
1681 799 1715 841 fe
1732 799 1882 841 milites
1899 799 2101 855 traherere
2115 814 2331 854 coeperunt
2349 832 2363 854 ‚

1313 854 1395 908 post
1427 855 1629 897 deteRum
1665 854 1708 898 in
1741 854 1910 910 legendo
1936 856 2070 898 Galba
2090 855 2218 909 illud,
2249 858 2358 912 quod

1311 911 1485 953 Tacitus
1529 910 1708 965 appellat
1753 913 1860 963 (b)
1904 913 2068 966 Imperii
2105 929 2293 955 arcanum
2347 928 2363 966 3

1304 965 1409 1023 poffe
1439 969 1667 1022 Principem
1698 969 1801 1011 alibi
1833 985 1954 1022 quam
1972 968 2238 1023 Romaefieri:
2275 970 2356 1013 hoc

1311 1025 1364 1067 est
1396 1024 1604 1080 postquam
1636 1038 1860 1079 agnoverat
1891 1026 2092 1069 exercitus
2124 1026 2229 1068 vires
2246 1026 2363 1080 suas,

1310 1094 1430 1136 atque
1473 1081 1743 1138 competierat
1768 1113 1781 1134 ,
1823 1096 1944 1136 quem
1977 1082 2184 1124 exercitus
2212 1082 2361 1126 ducem

1312 1137 1490 1192 legisset,
1522 1138 1560 1182 ei
1593 1139 1790 1181 Senatum
1808 1150 1994 1192 oportere
2010 1139 2240 1193 legitimam
2257 1154 2352 1181 con-

1312 1194 1414 1237 ferre
1449 1195 1685 1249 potestatem
1718 1209 1730 1246 z,
1764 1193 1805 1235 ni
1842 1209 1944 1237 vane
1981 1194 2182 1249 sperarent
2216 1196 2358 1238 Patres

1310 1251 1393 1302 iure
1439 1251 1473 1294 se
1506 1268 1550 1294 ac
1585 1252 1741 1305 legibus
1775 1251 2000 1305 potentiam
2033 1251 2076 1295 δι
2109 1250 2358 1295 violentiam

1313 1309 1587 1363 superaturos,
1621 1309 1743 1350 Unde
1777 1307 1994 1362 prudenter
2027 1309 2192 1352 monuit
2224 1310 2356 1353 Taci-

1311 1378 1372 1408 tus
1397 1369 1652 1419 Imperator,
1685 1379 1767 1407 non
1789 1365 1862 1408 esse
1883 1365 2225 1408 committendam
2241 1365 2358 1416 inju-

1312 1423 1379 1465 riae
1411 1423 1595 1465 militum
1627 1421 1914 1465 auS’eoritatem
1946 1422 2148 1474 Senatus,
2179 1423 2353 1478 ideoque

1311 1479 1495 1522 rnilitum
1538 1490 1632 1522 ante
1663 1477 1860 1530 judicium
1892 1477 2219 1531 explorandum;
2251 1480 2356 1522 alio-

1310 1536 1409 1592 quin
1438 1568 1449 1589 ,
1483 1548 1524 1579 ut
1558 1535 1626 1578 ille
1658 1535 2009 1578 animadvertebat
2036 1566 2049 1588 ‚
2082 1535 2155 1578 nisi
2187 1536 2301 1578 fieret
2332 1551 2354 1578 a

1310 1594 1537 1646 militibus,
1568 1591 1670 1648 quod
1691 1591 1905 1645 apatribus
1918 1591 2148 1644 diceretur,
2177 1592 2352 1635 &elcesi

1311 1650 1536 1706 periculum
1571 1648 1723 1700 fuisset,
1757 1647 1799 1690 &
1831 1647 2023 1703 eligentis
2055 1647 2234 1691 invidia.
2267 1650 2358 1700 (c)

1368 1709 1480 1749 Cum
1511 1717 1648 1749 autem
1681 1704 1741 1755 jus
1773 1704 2037 1760 Imperatoris
2069 1705 2231 1749 creandi
2261 1705 2356 1749 esset

1311 1764 1443 1807 unice.
1466 1778 1585 1818 penes
1615 1763 1841 1813 Senatum,
1873 1761 2006 1805 Galba
2024 1793 2035 1812 ,
2069 1763 2132 1806 cui
2154 1763 2352 1818 primoin

1311 1820 1523 1875 provincia
1556 1819 1710 1862 milites
1743 1817 1963 1872 imperium
1979 1819 2247 1871 obtulerunt3
2280 1835 2355 1861 an-

1311 1890 1475 1933 tequam
1507 1892 1529 1918 a
1560 1877 1710 1919 Senatu
1743 1876 2010 1931 probaretur,
2043 1876 2223 1931 legatum
2250 1876 2289 1917 S.
2309 1877 2354 1919 P.

1311 1936 1428 1989 Q.R.
1464 1934 1498 1976 se
1530 1933 1818 1988 profitebatur,
1842 1933 1908 1984 (d)
1940 1948 2069 1988 neque
2090 1931 2258 1976 Caesaris
2277 1948 2353 1986 ap-

1311 1991 1575 2046 pellationem
1609 1989 1805 2043 suscepit,
1839 1989 1914 2032 nisi
1947 1990 2155 2044 postquam
2177 2005 2223 2033 ex
2245 2004 2351 2031 nun-

1310 2048 1384 2092 ciis
1415 2048 1510 2090 urbe
1543 2061 1636 2090 curn
1667 2047 1709 2088 S.
1740 2047 1794 2088 C.
1826 2047 1950 2088 missis
1981 2061 2125 2089 ornnes
2155 2046 2200 2088 in
2230 2047 2351 2090 verba

1312 2107 1375 2148 sua
1408 2103 1545 2155 jurasse
1578 2102 1800 2155 cognovit.
1833 2103 1915 2154 (e)
1946 2104 2000 2145 Et
2032 2101 2147 2145 Otho
2172 2134 2184 2156 ‚
2217 2102 2352 2147 Galba

1311 2164 1532 2205 interemto
1547 2191 1558 2212 ‚
1586 2160 1804 2214 imperium
1825 2160 1929 2214 quod
1952 2160 2151 2203 violenter
2172 2160 2351 2215 arripue-

1280 2211 1370 2272 lrat
1396 2250 1407 2271 ,
1441 2218 1659 2271 impetrare
1693 2215 1823 2259 voluit
1854 2233 1878 2259 a
1907 2218 2058 2260 Senatu
2085 2247 2096 2264 ,
2141 2232 2162 2258 a
2193 2232 2272 2273 quo
2303 2216 2350 2260 &

1310 2279 1605 2320 sacramentum
1648 2273 1691 2316 ὃ(
1724 2273 1891 2315 Caesaris
1920 2286 2040 2328 atque
2074 2274 2243 2328 Augusti
2277 2289 2352 2328 ap-

1311 2333 1574 2387 pellationem
1607 2331 1760 2382 accepit
1782 2361 1791 2371 .
1823 2328 1905 2382 [s]
1938 2331 2042 2373 Item
2075 2330 2251 2373 Vitellio
2287 2346 2350 2373 re·

1309 2389 1385 2432 fert
1418 2387 1589 2431 Tacitus
1622 2390 1770 2430 tributa
1801 2386 1945 2429 omnia
1971 2386 2215 2430 fuisseinitio
2230 2387 2347 2430 Prin-

1309 2449 1491 2500 cipatus,
1522 2459 1610 2500 quae
1640 2457 1822 2498 tempore
1855 2443 2080 2486 intermisso
2111 2443 2203 2486 aliis
2238 2445 2350 2497 prin·

1311 2503 1462 2559 cipibus
1493 2533 1507 2554 ‚
1549 2501 1868 2543 decernebantur
1893 2531 1902 2542 .
1949 2501 1997 2542 In
2038 2502 2187 2542 Senatu
2231 2502 2248 2551 (
2284 2501 2350 2543 in-

1310 2562 1398 2617 quit
1441 2561 1458 2609 )
1510 2559 1646 2601 cuneta
1688 2558 1815 2613 longis
1852 2558 2018 2599 aliorum
2056 2558 2355 2613 principatibus*

1310 2615 1510 2673 compofita
1537 2646 1548 2667 ,
1577 2614 1713 2667 statim
1743 2616 1998 2657 decernuntur
2019 2645 2027 2656 .
2059 2616 2152 2670 (g)
2197 2616 2353 2657 Verum

1312 2690 1439 2730 neque
1485 2672 1600 2714 Otho
1644 2672 1788 2726 dignus
1829 2671 1882 2714 est
1911 2703 1923 2722 ‚
1972 2670 2077 2714 unde
2127 2670 2354 2726 proferatur

1310 2729 1546 2784 exemplum
1576 2759 1587 2781 ,
1621 2743 1749 2783 neque
1784 2727 1980 2772 Vitellius
2005 2760 2016 2782 ,
2047 2728 2117 2783 qui
2149 2744 2170 2770 a
2204 2727 2350 2770 militi·

1311 2790 1381 2832 bus
1424 2789 1467 2831 in
1510 2784 1738 2829 Germania
1776 2787 2003 2841 Imperator
2034 2783 2311 2846 consalutatus
2336 2813 2351 2837 ,

2218 2855 2354 2885 mcer-

1356 3006 1410 3044 (ε)
1433 3004 1520 3037 Dion
1537 3002 1591 3035 lib.
1609 3005 1659 3042 63,
1677 3010 1708 3044 p.
1729 2999 1961 3041 727.Plutarch
1981 3002 2012 3032 in
2029 3001 2105 3032 vira
2125 2998 2358 3042 Qash-paon.

1369 3049 1442 3090 (f)
1466 3047 1631 3080 Plutarch.
1663 3048 1703 3078 in
1725 3051 1800 3079 vita
1826 3046 1933 3080 Gatbae
1956 3047 1991 3077 in
2010 3043 2073 3085 fin.

1364 3091 1575 3133 (g)>r'tr'‚l}o⁶¹.
1602 3090 1653 3124 zib
1697 3101 1713 3123 2
1758 3099 1807 3132 ῖς.
