2451 3470
686 97 1790 156 ORATIONES.

161 175 315 224 &ionis
362 174 528 219 aemulos
560 173 602 217 in
635 175 837 230 posterum
868 171 1210 224 exsuscitantem,
1259 184 1342 213 non
1377 183 1465 214 tam
1496 171 1584 215 vim
1616 172 1660 216 δε
1691 173 1890 219 ἀεὶεξὶωη
1923 177 2098 227 didicere
2128 216 2142 239 ,

167 232 432 277 Petrarcham
464 232 664 275 nimirum
693 261 705 284 ,
749 231 794 274 δι
835 229 1074 272 Boccatium
1109 260 1120 280 ,
1165 229 1208 271 δε

152 302 358 346 quotquot
406 289 537 344 postea
583 289 761 332 summos
810 287 1042 337 Oratores,
1087 299 1206 349 atque

158 347 300 390 Poetas
323 380 334 396 ,
371 362 466 390 cum
500 346 695 398 Latinos,
727 356 815 387 tum
845 341 1084 385 vernaculos
1105 343 1206 385 aluit

154 403 369 447 Laurentii
425 403 606 447 Medicei
638 402 682 446 &
715 399 863 444 Leonis
895 401 953 462 X..
973 399 1206 442 beneficen-

150 459 238 514 tia,
269 476 348 516 qua
381 459 496 504 simul
531 476 626 503 cum
650 457 707 502 eis
726 456 1083 519 posteaextin&a‚
1119 458 1198 520 Ita-

155 515 235 560 lica
279 517 401 560 dietio
446 517 578 560 statim
608 513 817 558 inhorruit
843 545 856 566 ‚
902 512 948 556 ἃ
981 527 1025 555 in
1062 511 1205 555 scholis

153 574 296 616 nostris
319 606 333 627 ,
376 588 463 627 quae
488 605 502 627 ‚
543 586 764 628 ant-equam
799 570 962 625 publica
991 570 1201 634 d0&orum

151 630 375 674 hominurn
408 630 610 673 alimenta
641 628 836 672 cessissent
868 628 910 669 in
943 626 1199 690 opulentiam

157 687 469 730 ambitiosorum
503 718 515 739 ,
547 703 569 728 a
602 684 817 728 Politianis
839 715 851 735 ,
886 683 1111 747 melonis,
1142 686 1203 725 Si-

146 745 310 800 goniis,
346 742 615 795 RobertelliS,
647 740 881 791 Maximus,
907 740 1200 783 Muretisillu-

148 801 416 844 minabantur
444 815 456 851 3
501 814 611 841 nunc
644 797 893 852 ineptiarum
927 808 1048 850 atque
1079 812 1201 853 argu·

151 857 303 900 tiarum
335 856 438 910 seges
469 854 677 906 adolevit,
709 853 855 909 quibus
877 852 1196 897 adolescentium

146 913 345 970 ingenia,
379 912 500 967 longe
533 910 737 962 deterius,
769 924 894 966 quam
929 910 1166 954 Gothorum
1187 943 1199 964 ,

143 969 190 1014 &
223 967 510 1012 Vandalorum
543 966 763 1012 rusticitate
797 980 1146 1022 corrumpuntur.

202 1028 305 1069 Haec
337 1026 449 1068 inter
481 1024 766 1069 meditandum
800 1023 1190 1069 animis-nostrime-

138 1094 314 1127 currunt
346 1082 476 1136 vitia,
505 1081 741 1126 &remedia
758 1080 979 1144 studiorum
1002 1112 1014 1134 ‚
1045 1082 1191 1137 quibus

140 1139 379 1195 detegendis
402 1171 415 1192 ,
447 1138 676 1194 judicioque
710 1149 779 1180 tuo
812 1137 1068 1187 subjiciendis
1098 1154 1196 1181 con-

141 1197 292 1240 sultum
333 1196 536 1247 juventuti
570 1195 803 1245 voluimus.
836 1194 1041 1237 Eritvero
1057 1208 1206 1253 tuum„

140 1254 431 1297 CLEMENS
458 1252 741 1304 OPTiME,·
753 1249 961 1315 providere
974 1250 1165 1307 deinceps
1181 1284 1193 1306 ,

140 1325 192 1353 ne
225 1310 399 1354 literulis
428 1322 599 1354 tantum
633 1341 646 1362 ‚
676 1308 720 1351 δε
750 1307 919 1364 argutiis
949 1322 995 1350 in
1028 1308 1188 1353 scenam

143 1367 461 1420 prodeuntibus,
498 1380 616 1422 atque
649 1363 1008 1413 scholasticiscum
1030 1364 1188 1422 ingenti

143 1423 396 1479 Reipublicae
445 1423 635 1466 dedecore
682 1421 864 1478 quotidie
895 1437 1009 1466 aures
1038 1424 1209 1466 -nostras'

139 1479 416 1524 lacerantibus
432 1511 444 1534 ‚
470 1480 760 1534 doElorumque
776 1478 997 1523 hominum
1015 1479 1190 1524 honores

136 1531 290 1580 nefarie
316 1537 592 1591 rapientibus,
631 1536 724 1578 Itali
756 1552 778 1578 a
797 1536 1111 1593 Transalpinis,
1143 1538 1190 1581 ad

131 1609 236 1650 quos
278 1593 402 1648 primi
446 1610 519 1637 nos
542 1593 647 1637 olim
681 1592 819 1636 literas
845 1594 1062 1638 attulimus
1085 1626 1098 1648 ,
1146 1596 1189 1638 in

136 1649 380 1706 exemplum
410 1649 580 1707 insignis
612 1650 857 1706 ignorantiae
887 1652 1187 1706 producamur,

134 1761 1189 1816 -OEsfflfficfflsfflflffisssssfflfflssswffissffl

306 1860 360 1912 O
442 1860 493 1911 R
574 1860 627 1911 A
706 1858 763 1910 T
843 1860 870 1910 I
953 1861 1006 1912 O

124 1985 200 2031 IN
264 1988 724 2033 AUSPICATIONE
771 1988 1184 2045 STUDioRUM,

256 2117 328 2146 DE
362 2104 701 2147 SAPIENTIA
732 2104 1077 2148 UNIVERSA.

905 2187 925 2204 Ο

140 2217 230 2316 Α
255 2215 520 2261 Nimadverti
573 2216 845 2271 saepenumero
894 2217 983 2270 [*)
1013 2235 1034 2263 e
1067 2231 1179 2265 tanta

125 2328 332 2373 bonorum
391 2333 542 2375 artium
599 2331 721 2373 studia
775 2331 948 2375 confluit
974 2364 986 2386 ‚
1033 2350 1178 2389 paucos

127 2386 299 2442 quidem
345 2389 471 2432 redire
526 2387 608 2430 voti
646 2387 699 2430 sui
732 2400 978 2443 compotes:
1024 2404 1178 2435 ceteros

133 2458 230 2485 vero
274 2457 343 2487 aut
386 2445 566 2489 rudiores
610 2444 805 2488 discedere
837 2478 849 2498 ,
896 2462 1019 2501 quam
1054 2465 1171 2493 vene·

133 2512 230 2542 runt
255 2531 268 2553 ,
312 2516 381 2545 aut
412 2518 492 2557 quo
525 2502 654 2557 magis
687 2502 853 2551 ingenio
885 2503 1106 2558 aliquando
1131 2508 1174 2550 δι

130 2555 323 2601 facundia
356 2559 513 2613 pollent
535 2591 546 2611 ,
579 2575 626 2601 eo
659 2559 800 2602 abduci
833 2577 854 2603 a
887 2562 1056 2605 veritate
1081 2563 1172 2606 lon-

129 2612 220 2666 gius
254 2645 266 2665 ‚
298 2616 339 2658 δι
371 2615 413 2658 in
446 2617 733 2670 doStrinarum
757 2616 913 2667 judiciis
945 2621 1099 2674 turpius
1131 2637 1171 2665 a·

127 2670 289 2714 berrare
310 2702 324 2724 ,
351 2685 562 2729 propterea
591 2673 697 2729 quod
730 2690 865 2719 rerum
887 2675 930 2719 ὅ(
952 2678 1168 2722 verborum

270 2274 536 2318 multitudine
569 2274 788 2316 hominum
809 2307 820 2328 ,
849 2289 1000 2329 quanta
1031 2277 1072 2319 in
1097 2278 1204 2343 diesi

1212 2469 1310 2496 ‚reni
1356 2468 1495 2499 ortum
1529 2488 1542 2510 ,
1571 2457 1612 2502 8<

2206 130 2223 164 Ξ
2247 133 2269 165 z
2284 133 2308 183 5

1339 227 1346 235 .
1516 228 1522 236 ι
1742 232 1747 238 ⁴
1775 232 1781 238 ἱ
2183 202 2307 242 quam

1257 242 1419 282 copiam
1444 244 1456 281 3
1487 229 1634 286 diuque
1653 229 1851 276 subtiliter
1865 235 1993 290 magis
2006 243 2275 297 excogitando
2294 279 2304 298 ,

1257 300 1379 339 quam
1416 284 1535 329 solide
1571 304 1580 328 :
1626 300 1750 343 atque
1781 290 1939 335 abunde
1972 297 2105 348 potius
2135 330 2146 352 ‚
2179 316 2298 354 quam

1255 341 1430 396 apposite
1482 342 1704 388 differendo
1737 377 1750 399 ‚
1799 347 1986 401 neglecffi)
2019 353 2101 396 veri
2136 355 2300 404 salliauc

1253 398 1518 453 discrimine,
1555 416 1640 445 non
1671 403 1781 447 aliud
1814 404 1888 448 nisi
1919 420 2036 452 acute
2070 406 2291 468 somniase2

1251 468 1372 516 atque
1418 457 1579 502 erudita
1621 459 1766 504 deliria
1813 460 1860 505 in
1905 465 2089 511 medium
2121 471 2297 525 proferre

1254 514 1579 558 consueverunt:
1615 530 1658 560 ut
1688 516 1809 575 louge
1838 521 2064 575 praestiterit
2101 558 2114 580 ,
2163 529 2298 575 nullas

1251 571 1428 613 omnino
1460 572 1643 616 delibasse
1666 574 1831 630 literas,
1862 594 1988 635 quam
2004 594 2123 626 tanto
2137 583 2300 641 labore,

1251 626 1294 687 ᾃ
1329 627 1464 689 sumtu
1493 630 1688 675 invenisse
1720 645 1853 678 artem
1887 641 2115 693 torquendi
2137 643 2299 688 alios&

1251 684 1467 746 irretiendi
1522 686 1575 728 sui
1610 688 1727 744 ipsius
1754 722 1763 733 .
1811 694 1902 746 Ego
1933 695 2165 743 mehercule
2200 701 2299 746 sanae

1251 752 1415 803 mentis·
1437 743 1629 787 rusticum
1664 761 1742 800 prae
1774 752 2029 795 conturbatis
2046 754 2298 806 hujuscemom

1250 797 1285 837 di
1319 797 1541 842 studiorum
1576 801 1755 864 ingeniis
1787 822 1950 851 mecum
1983 810 2294 869 colloquentem

1249 865 1482 916 optarem..
1530 856 1642 901 Prius
1684 862 1798 904 enim
1831 864 1898 907 hic
1930 873 2131 924 acceperit
2166 889 2258 916 vcra
2280 907 2293 927 ,

1248 925 1370 973 quam
1404 912 1455 953 ab
1485 912 1567 957 illis
1597 916 1766 960 adduE’to
1798 920 2018 967 notionum
2042 929 2183 973 ordine
2197 931 2292 975 salse

1244 967 1479 1031 discussero⁴
1514 972 1740 1019 Undenam
1771 989 1909 1022 autem
1936 980 2200 1040 intemperies
2223 989 2293 1032 ista

1248 1037 1480 1080 mentium,
1510 1029 1585 1072 nisi
1614 1031 1707 1085 quia
1736 1033 1916 1090 plerique
1948 1053 2067 1083 antea
2101 1044 2260 1088 discunt
2284 1079 2297 1100 ‚

1243 1097 1368 1136 quam
1397 1085 1677 1130 consuluerint
1720 1091 1813 1144 quid
1836 1123 1846 1143 ‚
1879 1108 1958 1148 quo
1973 1108 2155 1152 tempore
2181 1134 2194 1154 ‚
2221 1117 2293 1146 aut

1247 1140 1349 1183 unde
1385 1140 1428 1182 sit
1458 1143 1783 1190 addiscendum?
1818 1150 1936 1203 Quod
1971 1152 2194 1207 plurimum
2232 1176 2293 1204 re-

1242 1194 1321 1238 fert
1367 1198 1418 1240 ad
1461 1199 1621 1243 cultum
1655 1203 1810 1258 ingenii
1845 1209 2111 1267 regimenque
2141 1215 2287 1260 studi-0-

1244 1256 1531 1316 rum-'Quam
1561 1259 1615 1300 ob
1646 1260 1806 1304 causam
1834 1264 1939 1307 ree'te
1956 1269 2217 1318 constitutum
2236 1276 2290 1318 est

1241 1325 1264 1352 a
1295 1312 1516 1362 maioribus
1550 1314 1691 1358 nostris
1722 1348 1734 1369 ‚
1765 1329 1811 1360 ut
1842 1319 2095 1376 singularum
2131 1330 2287 1374 schola-

1239 1382 1332 1410 rum
1364 1370 1530 1412 exordia
1563 1373 1766 1427 generalis
1796 1377 1930 1420 oratio
1961 1380 2008 1422 ad
2030 1384 2190 1429 cursum
2209 1389 2285 1430 stu-

1240 1423 1400 1487 diorum
1431 1427 1689 1480 dirigendum
1722 1433 1965 1487 antecedat,
1999 1453 2086 1492 quae
2105 1456 2214 1488 nunc
2234 1446 2285 1488 ad

1241 1480 1451 1526 literarum
1486 1483 1644 1529 laudem
1672 1518 1685 1540 ,
1716 1488 1759 1531 &
1788 1490 1837 1532 ad
1871 1491 2200 1544 cohoitationem
2222 1502 2285 1552 ju-

1239 1540 1418 1582 ventutis
1451 1540 1532 1584 fere
1567 1544 1775 1600 suscipitur
1796 1578 1808 1601 ‚
1840 1563 1925 1591 non
1959 1562 2044 1595 tam
2078 1555 2237 1601 utiliter
2263 1590 2277 1611 ,

1237 1611 1361 1651 quam
1393 1595 1590 1649 jucunde:
1626 1601 1821 1656 siquidem
1850 1603 2062 1653 literarum
2096 1613 2137 1655 in
2155 1616 2277 1660 omni

1236 1668 1383 1709 genere
1427 1654 1591 1717 laudem
1628 1659 1812 1702 diuturni
1841 1667 2039 1719 temporis
2063 1671 2280 1717 auetoriras

1231 1711 1469 1767 evulgavit,
1500 1714 1543 1757 ’δε
1564 1714 1786 1765 juventutis
1800 1719 1964 1764 animos
1977 1725 2022 1765 ad
2042 1724 2194 1772 labores
2209 1732 2281 1773 Se-

1237 1769 1446 1813 renissimi
1480 1771 1679 1827 Principis
1722 1775 1844 1819 nostri
1876 1792 1971 1834 erga
1999 1779 2136 1827 literas
2157 1789 2281 1832 effusa

1232 1825 1506 1872 beneficentia
1521 1830 1784 1874 cohortatur:
1821 1846 1864 1877 ut
1878 1834 2051 1880 studiosis
2068 1856 2148 1885 non
2164 1845 2280 1889 aliud

1233 1883 1283 1924 ab
1323 1885 1510 1929 oratione
1559 1888 1690 1930 nostra
1724 1888 1769 1930 fit
1801 1894 2072 1945 appetendum
2106 1930 2117 1949 ‚
2149 1916 2278 1954 quam

1235 1939 1304 1983 lux
1339 1942 1486 1995 praevia
1519 1975 1532 1996 ,
1576 1945 1619 1986 in
1652 1944 1736 1999 ipso
1772 1948 1965 1992 vestibulo
1997 1952 2278 2003 dominarum

1231 1997 1554 2050 explicationem
1587 2000 1839 2056 singularum
1857 2019 2128 2065 praecurrens,
2162 2015 2276 2059 velut

1227 2069 1374 2097 aurora
1404 2055 1516 2099 diem
1542 2073 1552 2098 τ
1587 2073 1676 2113 quae
1706 2060 1861 2114 cupidae
1882 2060 2125 2122 inventuri,
2157 2083 2275 2116 ante·

1227 2126 1352 2165 quam
1387 2127 1447 2155 res
1477 2115 1692 2169 cognoscat
1724 2116 2102 2172 fingulasisslaciem
2137 2128 2275 2173 reclu-

1226 2168 1333 2220 dat,
1376 2169 1421 2212 ὅτ.
1469 2170 1618 2215 sortem
1666 2175 1813 2225 pandat
1844 2178 2124 2225 universarum
2151 2215 2164 2237 ‚
2197 2199 2273 2241 ut,

1229 2226 1334 2280 quod
1378 2227 1420 2268 in
1451 2228 1566 2271 cursu
1599 2229 1820 2275 studiorum
1852 2249 1874 2276 a
1906 2235 2139 2282 dofflffimis
2174 2257 2275 2296 prae-

1227 2283 1458 2335 ceptoribus
1506 2301 1579 2341 per
1611 2286 1788 2342 singulos
1819 2290 2014 2337 articulos
2042 2299 2279 2352 expressus·

1199 2345 1202 2347 '
1228 2338 1470 2394 habebunt,
1499 2358 1521 2385 a
1555 2344 1670 2386 nobis
1704 2346 1746 2386 in
1775 2344 1861 2400 ipso
1879 2348 2002 2393 initio
2017 2351 2273 2401 delineatum

1225 2412 1269 2438 ac
1303 2397 1447 2440 leviter
1479 2400 1765 2444 adumbratum
1783 2405 2013 2459 accipiant:
2050 2411 2272 2464 Quamob-

1342 2512 1346 2517 ,
1645 2458 1803 2510 {statum
1824 2493 1838 2514 ,
1872 2462 2270 2526 inclinationemque

1223 2510 1499 2573 doctrinarum
1516 2547 1529 2569 ‚
1560 2517 2132 2572 earumqueinstaurationem
2158 2526 2270 2571 iridi-

1221 2568 1404 2611 cabimus
1432 2600 1445 2622 ,
1489 2587 1666 2627 cumque
1712 2575 1779 2618 usu
1826 2579 1963 2621 veniet
1998 2611 2011 2631 ,
2055 2581 2173 2626 duces
2219 2585 2265 2629 δε

1221 2624 1402 2668 ηυξῖοτες
1436 2631 1567 2691 magis
1599 2629 1763 2674 idoneos
1795 2631 2045 2690 efferemus„
2077 2639 2147 2693 &,
2178 2657 2267 2697 quae

1219 2682 1473 2737 obrepserint
1528 2685 1669 2738 vitia,
1712 2690 1949 2735 notabimus
1975 2724 1988 2747 ‚
2035 2708 2080 2740 ut
2123 2698 2266 2742 norint

2150 2754 2266 2806 juve-

126 2839 461 2850 ————-———
480 2839 729 2850 ——-——--·-——--
747 2844 1174 2859 ————--———-—-——
1223 2852 2263 2876 ————-——.——-——--·-—-——————————1

124 2914 246 2946 Pandit
274 2914 365 2946 enim
392 2915 535 2947 Historia
564 2915 746 2946 maximam
773 2926 899 2957 partem
924 2918 1103 2954 fabulosam
1121 2934 1169 2956 ve.

125 2959 206 2990 teris
233 2956 476 3001 Philosophiae.
508 2960 585 2998 Juie
610 2958 759 2998 dixeris,

174 3025 316 3067 Pergula
340 3026 474 3069 pic‘ioris
493 3049 504 3065 ,
530 3037 640 3057 verum
665 3026 752 3057 nihil
768 3049 777 3064 ,
802 3028 912 3059 omnia
930 3031 1044 3070 falsa.

130 3090 294 3135 inspergit
328 3092 480 3136 quaedam
519 3093 667 3124 convicia
695 3093 726 3126 in
753 3094 988 3128 Peripateticos
1015 3121 1025 3135 ,
1067 3110 1170 3142 neque

123 3143 242 3172 xamen
265 3131 372 3181 ipsum
395 3138 461 3177 jam
491 3137 700 3171 Aristotelem
719 3161 729 3179 ,
768 3140 816 3172 uti
842 3138 958 3182 supra,
986 3142 1095 3185 petit,
1120 3144 1169 3177 scd

1223 2882 1341 2922 vulgus
1365 2883 1582 2923 interpretum
1609 2888 1881 2924 Scholasticorum
1911 2914 1921 2929 ‚
1951 2892 2014 2924 ssve
2038 2903 2074 2925 ut
2097 2895 2259 2935 mavult,

1226 2925 1371 2960 Arabum
1401 2950 1409 2959 .
1450 2927 1640 2963 Habeautur
1674 2941 1784 2966 tamen
1822 2932 1962 2970 alicujus
1998 2938 2095 2978 pretii
2123 2938 2262 2972 recensio

1223 2973 1357 3005 Pati-um
1387 2995 1398 3009 ‚
1437 2982 1508 3014 pag·
1553 2985 1624 3012 132.
1649 2977 1855 3010 enumeratio
1880 2988 1993 3012 eorum
2020 3002 2031 3017 ,
2067 2983 2123 3025 qui
2148 2984 2262 3016 literas

1222 3015 1440 3049 instaurarunt
1456 3039 1464 3055 ,
1493 3026 1560 3059 pag.
1592 3029 1666 3059 133-
1684 3023 1714 3054 8<
1731 3022 1918 3055 distributio
1932 3024 2110 3058 seculorum
2129 3050 2137 3058 .
2165 3032 2256 3060 Nea-

1221 3061 1386 3100 politanus
1427 3059 1642 3105 Philosophus
1671 3088 1682 3105 ,
1719 3067 1808 3102 cujus
1832 3069 1958 3100 mentio
1982 3080 2053 3113 pag.
2081 3081 2151 3112 ¹33·
2182 3083 2249 3110 134>

1220 3103 1254 3136 ni
1279 3102 1403 3145 fallor,
1430 3106 1473 3140 est
1498 3109 1718 3143 Bernardinus
1741 3110 1911 3144 Telesius.
