2451 3470
702 130 1673 186 OPUSCULA.
2147 158 2256 215 147

131 202 194 247 sed
239 201 384 259 species
434 203 569 258 potius
616 203 784 248 alterius
826 204 880 248 rei
915 204 1087 248 vertitur
1117 205 1162 249 in
1271 205 1375 247 EM.
1408 203 1563 250 AEtates
1596 205 1671 249 tibi
1692 237 1704 260 ‚
1736 204 1932 268 Pro-cult,
1963 223 2009 253 ut
2040 228 2137 258 cum
2166 231 2255 262 maa

129 261 330 316 alteram,
362 262 467 317 quod
503 262 574 304 tibi
607 264 797 316 exemplo
829 261 1095 316 patefaciam.
1215 261 1325 304 xime
1369 263 1553 306 notandae
1602 263 1692 305 sunt
1730 294 1743 317 ‚
1790 265 1833 308 &
1864 281 2005 311 earum
2036 270 2251 318 discrimen

184 319 401 362 Sumamus
444 321 613 362 verbum
663 319 870 361 lambere.
914 319 1017 360 Sane
1065 335 1163 373 quo·
1216 319 1666 374 animadvertendum,
1709 337 1790 377 quo
1823 322 2014 367 meliores
2050 327 2258 382 scriptores

127 391 212 430 quo
245 377 367 419 modo
400 375 499 419 illud
531 379 656 419 verses
686 408 697 429 ,
731 390 938 430 nunquam
973 365 1191 429 impetra-¹
1219 377 1394 419 secernas
1424 393 1446 419 a
1476 379 1805 435 ceteris,'teque‹
1830 382 1960 424 tradas
1975 382 2048 435 iis,
2084 400 2257 439 quorum

131 433 191 475 bis
230 464 243 486 ,
275 448 318 476 ut
363 433 555 489 significet
583 433 834 485 abscindere,
870 433 1022 487 rigare,
1057 448 1165 475 mor·
1218 433 1410 477 sincerior
1457 434 1617 479 dicendi
1663 439 1766 481 ratio
1795 438 1849 481 est
1878 438 1927 481 ὃς·
1953 441 2259 497 incorruptior.

131 490 253 543 dere,
285 504 353 534 aut
385 491 491 534 aliud
523 491 758 546 quidpiam.
788 491 847 532 At
879 489 905 532 si
932 491 1053 532 verbo
1067 491 1164 531 lam·
1219 492 1283 533 Ac
1326 491 1453 533 aeratis
1498 492 1589 537 sane
1623 494 1822 547 veteris„
1846 511 1933 551 quae
1963 514 1984 540 a
2018 498 2137 542 Livio
2170 504 2261 544 An-

132 542 218 589 bere
250 563 456 603 praeponas
477 546 690 602 stammam
710 578 723 601 ,
754 545 869 602 eique
897 547 1074 597 subjicias
1088 559 1167 589 tra·
1217 547 1387 590 dronico
1417 548 1466 590 ad
1496 550 1687 594 Terentii
1721 564 1903 608 tempora
1942 556 2162 612 perfluxit,
2196 575 2260 602 ar-

133 604 230 658 bes,
264 617 306 648 ut
338 607 422 648 haec
455 607 616 660 prodeat
647 603 807 657 oratio,
829 603 997 658 flamma
1028 605 1169 646 lambit
1219 605 1350 659 ripere
1382 604 1515 651 multa
1547 610 1664 664 possis
1690 640 1703 662 ,
1731 608 1957 654 dummodo
1987 612 2147 664 judicia
2172 629 2259 660 uta-

133 663 263 705 trabes
289 678 301 716 3
332 675 429 706 tunc
462 661 566 704 nihil
602 661 696 704 huic
731 663 852 704 verbo
883 662 928 704 de
963 663 1088 704 veteri
1123 661 1167 703 si-
1219 661 1274 704 ris
1304 662 1346 704 &
1381 661 1535 725 delectu
1573 680 1749 720 vocum,
1778 667 2000 726 rejeehque
2023 671 2260 718 horriditate

135 720 399 774 gnificatione
431 719 653 761 den-anum
689 718 768 761 erit
790 749 802 770 ‚
834 718 928 773 quia
959 718 1069 761 nihil
1103 717 1170 762 hic
1222 719 1418 763 sermonis
1472 721 1578 775 quod
1624 735 1856 779 temporum
1903 727 2068 772 illorum
2112 732 2262 775 vitium

131 776 243 820 aliud
275 777 501 832 fignificat,
532 790 653 830 quam
688 773 865 817 lambere
898 775 1039 831 lingua
1066 791 1078 829 3
1110 775 1171 818 sed
1219 775 1297 819 fuit
1320 808 1333 830 ,
1375 791 1426 838 ea'
1454 788 1615 821 tantum
1648 783 1846 836 retineas,
1877 800 1966 843 quae
1994 802 2017 829 a
2047 787 2263 836 Ciceronis

132 846 297 876 tanturn
343 834 492 887 linguae
530 830 713 886 imagine
745 831 958 874 flammam
992 833 1133 875 indues
1159 864 1171 886 ‚
1220 848 1306 876 aevo
1337 864 1350 886 ,
1392 835 1550 890 ejusque
1585 835 1714 881 saeculi
1747 842 1910 884 auribus
1944 844 2082 888 minus
2111 846 2263 890 abhor-

127 888 323 943 -linguam
356 889 399 932 &
431 889 644 931 flammam
676 889 891 932 communi
916 889 1092 944 quodam
1113 904 1169 932 at·
1222 904 1312 934 rent
1346 921 1356 932 .
1403 891 1531 935 Plauti
1575 891 1731 938 fabellis
1764 897 1790 940 fi
1823 900 2162 947 vetustatis-vitia
2193 905 2263 949 de·

130 947 284 990 tributo
316 946 592 1002 complectens
627 977 636 987 .
688 946 899 1000 Quoniam
932 946 1059 1001 igitur
1093 947 1171 996 lin-
1222 947 1414 1000 traxe-ris,
1449 949 1554 992 nihil
1587 952 1778 1009 uberius,
1809 956 1914 1001 nihil
1947 958 2114 1014 purius,
2149 960 2261 1007 nihil

128 1018 219 1059 guae
252 1004 471 1059 proprietas
501 1004 559 1045 est.
580 1003 758 1045 flammae
772 1004 1108 1058 communicata,
1131 1004 1173 1047 ἃ
1221 1006 1268 1049 ad
1299 1020 1611 1062 moresomnes,
1643 1023 1761 1067 atque
1778 1013 1906 1056 animi
1923 1017 2225 1065 commotiones
2249 1052 2262 1076 ,

129 1062 258 1103 altera
289 1061 330 1103 in
365 1060 536 1105 alteram
570 1060 762 1102 conversa
778 1060 982 1114 speciem,
1013 1060 1173 1116 jamque
1224 1063 1357 1117 resque
1391 1063 1563 1119 singulas
1593 1097 1605 1119 ‚
1638 1084 1726 1123 quae
1756 1073 1984 1115 orationem
2021 1075 2260 1133 incurrant,

131 1118 302 1160 flamma
335 1117 401 1161 sub
436 1117 613 1171 imagine
649 1116 802 1172 linguae
823 1119 940 1160 nobis
956 1117 1176 1171 objicitur3
1223 1122 1571 1164 accommodatius
1591 1155 1600 1165 .
1632 1126 1799 1170 Cultior
1829 1129 1882 1172 est
1904 1130 1992 1174 sane
2013 1133 2266 1191 Terentius,

131 1173 222 1218 ideo
255 1191 398 1229 mens,
430 1189 518 1230 quae
549 1175 626 1217 duo
650 1174 719 1217 illa
736 1174 1037 1230 quodammodo
1060 1175 1173 1219 simul
1224 1178 1462 1231 &pressior
1492 1191 1611 1235 atque
1644 1182 1830 1227 limatior
1855 1217 1867 1237 ‚
1910 1187 1952 1230 δι
1977 1218 1989 1240 ,
2020 1203 2067 1234 ut
2099 1190 2143 1233 in
2174 1208 2265 1237 eru-

109 1230 352 1275 -confundit
373 1263 384 1285 ,
417 1231 605 1287 adjunget
637 1232 694 1274 eis
712 1233 881 1276 verbum
905 1233 1098 1286 lambere,
1133 1232 1175 1275 in
1227 1234 1363 1278 ditiori
1399 1235 1557 1290 seculo,
1589 1237 1644 1282 ita
1676 1243 1921 1297 compositus
1947 1245 2193 1304 &elegan8,
2225 1262 2269 1294 ut

131 1287 246 1340 cujus
288 1287 631 1346 significationem
677 1289 845 1331 flamma
875 1290 1066 1332 conversa
1097 1290 1179 1333 est.
1232 1291 1449 1346 comple&
1486 1295 1601 1348 poffis
1632 1309 1794 1342 totum.
1827 1300 1991 1345 Plautus
2013 1316 2148 1351 tamen
2165 1306 2269 1351 fudit

135 1345 270 1388 Nulla
299 1347 354 1390 est
386 1347 535 1402 igitur,
568 1345 592 1387 fi
625 1345 672 1388 ad
707 1346 865 1389 sensum
884 1346 1176 1390 vocabulorum
1229 1349 1446 1403 selatius,
1478 1351 1535 1411 ita
1568 1366 1612 1396 ut
1642 1354 1732 1409 plus
1762 1355 1906 1401 tuleris
1927 1390 1939 1412 ‚
1971 1359 1996 1402 si
2028 1376 2076 1405 ex
2093 1362 2149 1406 'eo
2181 1379 2267 1409 me—

138 1404 359 1457 respexeris
401 1419 494 1446 vera
539 1401 755 1458 translatio
786 1434 799 1456 ,
844 1402 905 1447 sed
958 1404 1176 1458 specierum
1232 1406 1330 1450 liora
1364 1409 1584 1464 empseris,
1615 1425 1739 1465 quam
1765 1413 1798 1456 si
1829 1415 2082 1462 Terentium
2104 1435 2273 1465 vorave-

132 1471 297 1503 tantum
327 1459 568 1503 communio
601 1460 646 1502 fit
677 1491 690 1513 ,
733 1460 1046 1518 imaginumque
1080 1478 1176 1506 con·
1232 1466 1284 1508 ris
1316 1466 1568 1519 integrum.>
1588 1467 1680 1512 Flos
1711 1486 1808 1514 vero
1845 1473 2139 1520 Latinitatis&
2161 1477 2272 1522 nitor

134 1517 265 1560 versio
293 1547 305 1559 .
347 1517 555 1572 Siquidem
588 1515 717 1573 igitur
747 1518 965 1561 verborum
1001 1520 1179 1574 proprie-
1230 1523 1448 1567 Ciceronis
1488 1539 1576 1568 aevo
1619 1525 1700 1570 fuit
1729 1560 1740 1572 .
1780 1530 1885 1584 Quis
1925 1533 2039 1576 enim
2084 1535 2272 1581 Varrone

132 1584 262 1618 tatem
296 1585 460 1627 teneas,
489 1574 532 1617 δί
565 1574 806 1625 communia
839 1591 972 1619 rerum
1007 1577 1195 1620 attribu-1
1231 1579 1413 1624 cautior?
1444 1581 1533 1637 quis
1564 1583 1723 1628 Caesare
1756 1587 1930 1641 purior?
1961 1591 2050 1646 quis
2081 1593 2271 1638 Lucretio

132 1642 176 1674 ta
208 1630 312 1674 reete
338 1631 501 1676 noveris
515 1632 932 1687 atquecommiseris,
968 1639 1178 1689 nunquam
1231 1637 1273 1680 ὃ(
1304 1638 1476 1681 Catullo
1509 1639 1769 1695 simplicior?
1800 1646 1842 1688 ἃ
1871 1677 1884 1698 ,
1916 1647 1989 1692 nisi
2021 1648 2068 1691 ad
2102 1648 2276 1694 historiae

134 1687 183 1731 in
211 1690 428 1732 verborum
463 1689 533 1732 usu
565 1691 820 1744 peccaveris.
851 1692 1180 1734 Manetenrmin
1233 1694 1403 1750 stylique
1436 1695 1549 1742 illius
1581 1698 1830 1750 majestatem
1861 1706 2195 1750 acccommodata
2212 1724 2278 1752 ve-

133 1745 470 1789 translationibus
514 1747 652 1789 nativa
686 1745 929 1802 significatio
964 1748 1182 1798 vocabulo·
1234 1753 1356 1796 tustas
1400 1753 1640 1798 delicatulos
1691 1758 1869 1802 offendat
1901 1792 1914 1814 ,
1957 1763 2046 1818 quis
2076 1763 2279 1820 integrior

134 1818 228 1846 rum
261 1802 512 1856 incolumis,
542 1803 637 1859 quia
670 1819 882 1860 nunquam
910 1821 959 1848 ex
983 1821 1062 1848 una
1086 1823 1183 1850 voce
1233 1809 1450 1854 Sallustio?
1483 1814 1572 1867 quis
1604 1815 1768 1870 Nepote
1801 1815 2041 1862 sincerior?
2069 1821 2158 1877 quis
2190 1824 2273 1878 ipso

134 1875 253 1903 mens
285 1875 439 1904 novum
453 1860 606 1916 aliquid
621 1861 1062 1918 concipit‚·nisiidem
1080 1863 1199 1908 illud·
1234 1867 1398 1911 tandem
1432 1869 1578 1912 Tullio
1599 1902 1612 1925 ,
1644 1871 1686 1914 in
1718 1884 1833 1917 tanta
1864 1877 2179 1923 translationum
2203 1895 2271 1924 co-

137 1917 360 1963 assumserit
392 1917 620 1968 imaginem
646 1920 785 1962 nativa
813 1919 921 1964 illius
937 1922 1047 1964 vocis
1063 1921 1178 1976 figni-
1234 1924 1300 1980 pia
1324 1955 1336 1977 ‚
1369 1926 1683 1983 incorruptior?
1712 1931 1803 1986 quis
1833 1931 2086 1986 elegantior?

140 1974 333 2017 ficatione
365 1976 729 2029 comprehensam.
762 1977 997 2032 Quocirca,
1024 1979 1183 2031 summa
1295 1983 1452 2026 Nativa
1484 1985 1568 2027 haec
1601 1986 1891 2044 &incorrupta
1908 1991 2271 2038 LatinitasadAu-

138 2047 200 2074 me
224 2032 423 2086 voluptate
442 2030 676 2087 perfudisti,
704 2033 808 2077 refi‘te
823 2034 970 2078 dixeris
990 2067 1002 2088 ,
1036 2050 1184 2079 necta·
1235 2040 1333 2095 gusti
1367 2053 1526 2084 aetatem
1552 2041 1596 2084 in
1611 2043 1804 2088 omnibus
1816 2045 1898 2096 ejus
1913 2048 1985 2090 aevi
2014 2049 2269 2106 scriptoribus

140 2104 238 2131 men
272 2089 338 2131 hic
366 2089 534 2131 verbum
559 2089 791 2144 perfundere
823 2092 931 2134 aliud
956 2092 1154 2146 fignificat
1174 2067 1211 2174 ‚l
1237 2098 1393 2153 viguit,
1427 2113 1574 2152 nempe
1607 2100 2014 2159 Vigilio,Tibullo,
2035 2107 2271 2164 Propertio,

143 2161 265 2201 quam
283 2161 408 2201 quum
424 2145 590 2199 dicitur,
606 2163 708 2202 aqua
724 2147 1077 2202 perfundere.Sed
1091 2150 1211 2204 quia·
1237 2154 1417 2197 Ovidio:
1453 2156 1677 2201 inclinavit
1710 2174 1806 2202 vero
1830 2161 1890 2210 agb
1917 2164 2083 2217 Augusti
2114 2177 2271 2218 morte,

143 2218 261 2245 mens
279 2203 346 2244 sub
360 2203 540 2253 imagine
560 2220 660 2260 aque
680 2205 932 2259 voluptatem
950 2205 1067 2250 facile
1088 2222 1185 2249 con·
1239 2225 1400 2266 propter
1419 2213 1640 2258 colluviem
1659 2217 2027 2272 peregrinorum,&
2042 2234 2276 2267 exterorum

143 2260 245 2314 cipit
268 2259 657 2316 ‚ideoperfundendi
673 2263 791 2305 verbo
807 2263 990 2318 voluptas
1003 2263 1186 2318 adjungi·
1237 2269 1569 2313 dominationem
1592 2304 1603 2324 ,
1633 2289 1808 2328 quorum
1837 2276 1944 2330 regia
1978 2289 2024 2319 ut
2055 2280 2279 2335 peregrinis

144 2328 224 2360 tur:
242 2320 434 2360 conversa
449 2319 500 2360 est
514 2318 626 2361 enim
645 2319 831 2374 voluptas
846 2320 887 2362 in
902 2334 1188 2377 aquam‚atque
1241 2327 1424 2369 moribus
1438 2358 1450 2380 ‚
1484 2329 1540 2371 ita
1555 2329 1598 2372 δι
1613 2331 1826 2374 verborum
1844 2331 2062 2378 insolentia
2079 2336 2276 2392 scatebat,

145 2375 246 2418 adeo
278 2375 320 2416 in
348 2375 577 2430 imaginem
606 2375 1154 2431 verboperfunderemditam
1179 2410 1189 2421 .
1240 2383 1411 2438 indeque
1426 2385 1624 2429 barbaries
1640 2387 1778 2431 sensim
1796 2389 2016 2434 influxitin
2032 2394 2190 2448 urbem,
2205 2410 2278 2438 no-

208 2432 490 2484 Quamobrem
530 2432 600 2488 qui
653 2433 755 2477 reete
792 2434 950 2490 sapiunt
978 2467 990 2488 ,
1038 2448 1190 2479 veteres
1241 2456 1368 2497 vaque
1383 2441 1536 2493 ,multa
1575 2444 1617 2486 in
1656 2445 1880 2499 posterioris
1910 2449 1984 2491 aevi
2010 2450 2279 2506 scriptarum

150 2488 331 2531 comicos
363 2505 573 2546 nunquam
607 2491 1064 2535 amittentemanibus:
1089 2510 1190 2550 quo·
1240 2499 1465 2553 vocabula,
1497 2514 1586 2551 tum
1620 2502 1744 2545 etiam
1777 2503 1936 2548 dicendi
1962 2522 2114 2562 genera
2135 2540 2148 2562 ,
2180 2509 2279 2552 irre-

147 2545 262 2588 niam
296 2545 337 2588 hi
370 2562 450 2602 prae
479 2547 624 2590 ceteris
650 2580 662 2602 ‚
710 2563 876 2604 propter
897 2550 1189 2606 proprietatem
1240 2556 1401 2612 pserunt
1431 2572 1442 2598 ε
1491 2570 1535 2600 ut
1567 2558 1594 2616 ii
1631 2562 1841 2614 scriptores
1871 2593 1882 2615 ,
1916 2562 2005 2617 ipsis
2038 2565 2280 2609 Latinisvo-

150 2602 348 2644 sermonis
378 2603 420 2645 ὃς
454 2603 693 2659 popularem
728 2606 1189 2667 loquendiconsuetudi-
1241 2614 1351 2656 cibus
1399 2613 1590 2658 adhibitis
1615 2648 1627 2671 ‚
1674 2627 1826 2661 novam
1870 2621 2072 2674 quandam
2106 2623 2280 2666 reddide-

152 2674 250 2702 nem
280 2691 291 2711 ,
325 2661 507 2713 nativam
541 2663 711 2706 reddunt
742 2665 956 2708 verborum
993 2665 1190 2721 significa·
1241 2670 1326 2713 rint
1372 2672 1711 2728 compofitionem
1755 2676 1971 2720 verborum
2015 2691 2133 2734 atque
2166 2695 2279 2724 com·

149 2717 309 2759 tionem
337 2749 349 2769 ,
397 2732 475 2772 qua
508 2721 674 2775 cognita
700 2753 723 2785 ,¹
745 2722 913 2766 tutiores
945 2724 987 2766 in
1021 2723 1188 2767 transla-
1242 2728 1475 2783 missuram,
1508 2747 1529 2772 a
1561 2733 1704 2787 quibus
1735 2748 1848 2776 aures
1862 2735 2062 2777 Romanae
2082 2768 2093 2789 ‚
2128 2737 2278 2780 sermo-

149 2774 330 2818 tionibus
360 2777 509 2816 erimus
541 2792 586 2818 ac
617 2777 843 2822 feliciores.
1243 2786 1363 2838 nique
1384 2788 1558 2842 purioris
1583 2789 1894 2844 seculiassuetae‚
1914 2791 2032 2846 plane
2049 2793 2132 2837 refu
2166 2795 2279 2836 iunt.

207 2832 292 2874 PR.
341 2832 549 2886 Quoniam
601 2834 648 2876 ad
692 2836 872 2879 anaores
920 2837 1091 2892 dilapsus
1124 2854 1191 2891 es,
1299 2845 1418 2897 Quod
1463 2846 1593 2890 aetatis
1638 2847 1783 2891 vitium
1830 2848 2090 2900 Quintiliano
2208 2851 2277 2893 Se-

152 2889 387 2944 coepistique
437 2889 609 2944 digitum
658 2892 706 2933 ad
750 2892 908 2936 fontem
955 2895 1189 2949 intendere,
1242 2915 1348 2943 necae
1375 2933 1388 2954 ,
1432 2903 1531 2946 viris
1573 2902 1653 2947 illis
1695 2906 1965 2957 acutissimis,
2017 2905 2276 2950 suboluerat.

153 2961 273 3001 perge
307 2962 424 3001 porro
458 2946 610 3000 reliqua
633 2980 645 3000 ,
679 2963 728 2991 ne
761 2949 785 2991 si
819 2952 979 3005 quando
1000 2953 1189 2996 animum
1244 2958 1325 3001 Hic
1382 2960 1539 3003 etenim
1593 2961 1635 3003 in
1681 2962 1850 3017 prologo
1893 2963 2033 3017 primae
2076 2963 2277 3007 declama-

151 3005 200 3046 ad
234 3006 316 3046 baec
349 3003 723 3058 stuffiainffiruero,
756 3005 1114 3063 imperitialabar,
1144 3027 1186 3053 o—
1240 3014 1394 3067 tionis,
1428 3018 1479 3058 Ut
1505 3017 1658 3073 poffitis
1690 3020 1707 3069 (
1740 3019 1874 3073 inquit
1906 3022 1922 3070 )
1953 3019 2135 3074 aestimare
2153 3027 2279 3076 quan2

152 3060 348 3117 missoque
392 3060 631 3116 scriptorum
675 3062 829 3106 delean
855 3095 866 3115 ‚
913 3077 980 3107 aut
1022 3082 1188 3120 operam
1239 3083 1322 3112 tum
1368 3075 1544 3126 quotidie
1588 3076 1747 3131 ingenia
1775 3076 2028 3130 decrescant,
2070 3077 2125 3120 (9³
2155 3078 2278 3131 nescio

155 3120 311 3173 prorsus
341 3118 505 3175 perdam
538 3133 606 3164 aut
639 3135 762 3177 cogar
790 3121 974 3166 oberrare
1006 3122 1104 3178 diu.
1238 3123 1319 3182 qua
1348 3130 1565 3185 iniquitate
1598 3132 1653 3177 (9²
1683 3133 1736 3175 ad
1768 3133 1912 3174 malum
1939 3134 2133 3190 pronitate
2163 3146 2278 3179 natu-

1673 3190 1733 3218 .·,2'.„
1749 3189 1793 3230 T
1855 3205 1877 3231 2
2227 3208 2280 3236 rae·
