2451 3470
200 87 266 136 82
791 89 1839 151 V.GRAV1NAE

189 174 316 215 quarn
367 157 410 203 in
460 158 576 206 rebus
606 163 907 218 adhibuerunt,
938 177 1032 219 apte
1064 167 1231 210 vocibus
1281 167 1404 212 triam
1436 184 1532 214 cum
1581 170 1700 214 omni
1735 171 1922 216 humano
1950 187 2099 230 genere
2130 189 2322 221 commu-

191 229 356 280 utentes
375 248 389 272 ,
421 219 654 276 nativasque
700 221 803 265 sedes
834 221 895 265 illi
925 221 1194 267 attribuentes
1216 255 1228 278 ,
1280 224 1481 270 nicarint.
1517 229 1779 283 Quapropter
1821 229 1938 273 sicuti
1971 231 2228 286 multiplices
2258 235 2318 277 ci-

188 273 360 330 Dusque
393 275 484 330 ipfis
514 277 692 333 dignum
724 278 924 322 orationis
954 294 1084 334 genus
1116 281 1227 325 usur·
1279 282 1426 327 borum
1460 284 1610 339 species
1639 286 1849 329 valentem
1893 287 2146 332 stomachum
2179 289 2320 345 ingre-

186 343 355 386 pantes.
401 335 495 396 Quo
538 334 620 377 solo
664 335 860 379 scribendi
903 351 1050 392 genere
1077 368 1090 390 ,
1142 353 1226 381 non
1275 338 1457 394 dientes,
1491 341 1662 385 salubres
1694 343 1736 385 in
1770 343 1963 386 humores
1995 345 2042 387 ad
2074 345 2199 389 totius
2225 361 2315 389 cor-

185 388 310 432 modo
341 389 623 441 Jurisconsulti
658 393 843 446 praestant
875 392 1033 436 Latinis
1065 396 1227 449 ceteris,
1276 397 1383 450 poris
1423 397 1672 442 alimentum
1715 412 2041 455 convertuntur,
2095 402 2152 445 ita
2200 403 2314 446 varia

183 459 331 490 verum
379 447 424 491 δε
466 448 604 491 Latini
634 448 895 511 antecellunt
923 449 1080 493 Graecis
1109 468 1119 494 t
1153 454 1223 509 qui
1271 453 1529 498 dissimilium
1562 455 1749 500 locorum
1789 457 1833 499 ὃς
1865 457 2084 501 nationum
2116 460 2283 514 ingenia
2303 489 2316 510 ‚

182 514 229 546 ut
260 505 403 548 omnia
433 504 680 561 eloquentlae
712 521 862 561 genera
892 506 934 549 &
966 507 1224 563 invenerint,
1273 510 1340 553 sub
1391 510 1468 555 hoc
1511 512 1618 556 coelo
1650 513 1693 556 &
1727 514 1793 556 sub
1826 513 1898 556 illa
1930 514 2188 558 institutione
2210 516 2315 559 civi*

183 560 229 603 &
260 561 307 604 ad
343 562 548 605 summum
582 562 873 616 perduxerint,
907 564 1220 615 Jurisconsulto-

183 632 276 661 rum
312 632 453 662 tamen
485 622 774 663 Romanorum
808 620 920 663 sicuti
955 621 1221 676 scientia,ita

181 674 227 717 δ(
260 676 360 729 stylo
391 686 635 719 caruerunt.
670 678 914 720 Habuerunt
944 679 1059 722 enim
1094 681 1217 724 nostri

175 731 428 782 majestatem
460 732 540 776 fine
572 733 697 785 luxu,
745 733 888 777 fastum
924 736 1003 779 sine
1037 752 1219 793 pompa,

179 787 443 844 supercilium
489 789 569 832 fine
603 790 850 844 rusticitate,
885 791 1137 847 splendorem
1171 795 1218 838 fi-

179 860 232 888 ne
267 845 359 889 fuco
380 878 393 900 ,
427 847 505 890 sine
528 846 696 890 horrore
716 849 954 892 vetustatem
975 880 987 902 ‚
1019 851 1212 906 parsimo-

177 901 294 945 niam
327 903 408 947 sine
428 903 587 956 macie,
621 903 702 949 fine
734 905 913 962 caligine
946 908 1215 953 brevitatem:

177 974 226 1002 ac
262 975 341 1014 prae
370 961 512 1004 ceteris
544 961 691 1005 melius
722 962 973 1018 elegantiam
1005 980 1101 1008 cum
1122 965 1216 1009 fim-

180 1015 393 1071 plicitate,
426 1033 521 1061 cum
553 1017 696 1063 decore
731 1020 1019 1076 proprietatem
1042 1053 1053 1074 ‚
1095 1022 1139 1066 ἃ
1168 1039 1213 1067 o-

176 1074 414 1118 raculorum
460 1075 774 1120 sanstimoniam
819 1077 966 1121 blanda
998 1094 1092 1122 cum
1126 1095 1215 1135 per-

175 1129 390 1185 spicuitate
423 1131 763 1184 conjunxerunt.
814 1136 1096 1190 Quamobrem
1132 1138 1215 1182 haec

1272 566 1375 610 libus
1406 569 1448 611 &
1481 568 1733 613 militaribus
1765 570 1880 614 rebus
1910 583 2179 625 attemperata
2200 602 2214 625 ,
2244 587 2317 617 ex-

1268 625 1492 681 emplisque
1524 626 1664 669 nostris
1694 626 1822 670 veluti
1843 628 2133 683 complanata,
2163 628 2207 671 in
2231 632 2316 672 Ro-

1269 696 1413 724 manos
1444 699 1577 726 mores
1607 684 1655 726 ad
1689 696 1890 728 terrarum
1922 685 2106 740 regimen
2139 684 2317 729 transfe-

1269 739 1486 783 rebantur.
1531 742 1675 796 Itaque
1714 742 1765 784 ab
1816 741 1892 785 hac
1944 741 2082 785 civilis
2115 742 2234 796 vitae,
2265 756 2314 785 ac

1266 795 1397 840 divini
1431 797 1684 854 humanique
1727 798 1825 850 juris
1857 799 2154 843 communione
2188 798 2317 843 socie-

1268 864 1397 896 tatem
1446 854 1639 897 omnium
1683 856 1870 911 gentium
1916 856 2233 909 conflaverunt,
2266 868 2311 899 ut

1266 911 1511 954 Romanum
1553 911 1683 965 esset,
1727 913 2000 968 quodcunque
2043 912 2154 958 oculi
2201 913 2317 957 vide-

1265 979 1384 1021 rent,
1424 968 1470 1011 δε
1501 968 1715 1013 civitatem
1764 969 1957 1012 homines
1987 984 2072 1013 non
2101 986 2126 1013 a
2157 971 2311 1013 Latino

1266 1023 1350 1066 solo
1391 1025 1654 1080 acciperent,
1710 1025 1770 1069 sed
1811 1042 1834 1068 a
1866 1041 2033 1069 morum
2076 1041 2124 1069 ac
2168 1026 2310 1082 legum

1262 1080 1503 1136 professione
1548 1084 1862 1126 Romanarum.
1893 1084 1989 1137 Quo
2021 1083 2193 1126 nomine
2219 1098 2309 1126 ma-

1263 1138 1365 1190 jores
1398 1139 1519 1183 nostri
1554 1141 1783 1195 Imperium
1815 1151 2006 1183 crearunt
2029 1141 2223 1183 omnium
2245 1140 2306 1184 uti

174 1203 240 1230 ars
275 1204 352 1232 una
387 1191 630 1235 Graecorum
664 1190 947 1247 legislatorum
983 1193 1214 1249 scientiam,
1261 1195 1522 1250 maximum,
1555 1197 1610 1240 ita
1642 1197 1685 1240 δι
1717 1196 2002 1249 justissimum,
2038 1197 2198 1252 solaque
2233 1213 2309 1241 vo-

180 1247 553 1303 Romanorumque
585 1248 845 1302 prudentiam
877 1250 918 1293 δι
951 1252 1214 1306 gravitatem3
1263 1252 1390 1297 lentia
1433 1252 1636 1308 fortunae,
1684 1253 1800 1297 nullo
1844 1269 1940 1297 vero
1973 1269 2048 1297 nec
2079 1254 2303 1298 diffidenti-

175 1316 445 1360 praetereaque
461 1305 685 1349 moralium
720 1306 1056 1361 Philosophorum
1086 1309 1237 1381 hone-¹
1261 1326 1332 1353 um
1379 1311 1624 1366 populorum
1647 1343 1658 1364 ‚
1711 1325 1844 1373 neque
1885 1310 2191 1354 contrariorum
2223 1310 2306 1353 foe-

173 1359 316 1403 statem
338 1392 352 1414 ,
403 1361 667 1415 Physicorum
700 1364 980 1418 soliditatem,
1015 1366 1212 1409 Dialefsi-

176 1432 320 1460 corum
352 1434 556 1473 acumen,
605 1421 971 1474 grammaticorum
1015 1423 1211 1467 eruditio-

173 1487 298 1528 nem,
342 1475 385 1518 &
419 1475 640 1521 meliorum
687 1478 928 1532 scriptorum
960 1479 1210 1536 elegantiam

173 1532 487 1586 comprehendit
514 1564 527 1575 .
584 1536 675 1578 Hac
716 1536 795 1579 sola
838 1552 888 1580 ex
929 1550 1013 1580 arte
1057 1537 1211 1581 auxilia

171 1589 353 1643 civibus,
388 1590 550 1634 monita
582 1592 848 1647 Praetoribus,
882 1595 1075 1638 mandata
1107 1596 1208 1638 Prae-

173 1645 321 1689 fidibus
341 1678 352 1697 ,
385 1647 553 1691 consilia
586 1649 844 1706 Principibus
875 1651 1206 1705 proferebantur:

174 1714 218 1745 ut
251 1704 400 1747 merito
430 1720 682 1762 quaecunque
731 1708 796 1751 vel
827 1708 897 1762 ipsi
930 1709 1209 1760 Jurisconsulti

170 1759 487 1824 respondissent,
506 1763 568 1807 vel
594 1764 806 1808 edixissent
837 1766 1208 1822 L'Iagisiratus,vel

168 1830 340 1871 privans
381 1820 512 1863 etiam
555 1820 599 1864 in
630 1822 894 1875 petitionibus
928 1824 1208 1880 rescripsissent

168 1874 444 1938 Imperatores
467 1908 479 1931 ,
514 1878 749 1922 transierint
779 1880 823 1923 in
855 1881 1048 1924 assiduam
1081 1881 1206 1933 Juris-

169 1930 392 1976 ὀιὲῖιοηετῃ
415 1964 429 1986 ,
471 1950 519 1978 ac
567 1936 652 1979 vim
684 1937 919 1992 acceperint
952 1953 1091 1994 parem
1124 1939 1207 1994 pri-

169 1989 355 2033 rnoribus
406 1989 588 2046 legibus:
633 1993 932 2038 deducebantur
976 1996 1092 2039 enim
1135 2011 1207 2039 na-

170 2045 258 2088 tivo
303 2062 323 2090 e
369 2046 482 2092 fonte
524 2048 704 2100 justitiae,
753 2067 800 2094 ac
850 2052 1033 2096 moribus
1064 2053 1108 2096 δί
1139 2069 1208 2096 au-

167 2101 359 2148 &oritate
393 2108 722 2160 propagabantur
765 2107 875 2152 illius
918 2109 1092 2164 populi,
1136 2110 1206 2166 qui

167 2160 282 2202 suam
332 2161 375 2204 in
407 2161 623 2207 civitatem
657 2180 703 2208 ac
737 2180 891 2210 nomen
927 2167 1096 2221 populos
1128 2179 1207 2210 tra-

166 2215 338 2280 duxerat
393 2218 598 2281 universos
625 2252 635 2261 .
685 2221 815 2272 Cuius
865 2223 1067 2278 triumphi
1124 2240 1207 2267 non

168 2284 254 2316 tam
301 2273 519 2336 vi‘Gtoribus
540 2308 552 2330 ,
595 2294 718 2333 quam
754 2279 843 2334 ipfis
875 2280 1042 2324 devitiis
1073 2282 1205 2336 genti-

168 2330 250 2391 bus·
286 2335 553 2392 prosuerunt.
604 2335 776 2378 Etenim
824 2339 1006 2380 Romani
1039 2352 1084 2382 ut
1119 2341 1200 2382 Im-

168 2402 330 2441 perium
364 2388 469 2438 1ustis
502 2391 650 2445 praeliis
682 2405 847 2448 partum
878 2396 1068 2450 aequitate
1106 2411 1207 2439 con-

165 2444 399 2498 servarent,
443 2459 672 2505 aeternoque
717 2463 904 2506 tempore
940 2452 1168 2496 retinerent
1195 2485 1206 2505 ‚

165 2516 252 2544 non
268 2514 352 2545 tam
370 2502 433 2546 sua
448 2534 460 2556 ,
474 2519 596 2568 quam
611 2506 784 2551 aliarum
798 2509 988 2564 gentium
1001 2510 1114 2554 causa
1128 2510 1207 2554 im-

166 2571 386 2619 perarunt.
426 2562 589 2617 Quippe
623 2564 691 2620 qui
731 2580 816 2609 non
857 2567 980 2611 modo
1000 2568 1205 2611 virtutum

171 2617 333 2679 sua-rum
353 2619 606 2664 commercio
622 2620 690 2673 ,&
706 2637 841 2667 rerum
861 2624 1059 2680 gestarum
1078 2625 1203 2669 admi·

166 2684 327 2737 ratione
343 2705 355 2727 ,
375 2691 422 2718 ac
443 2677 583 2720 nativa
606 2677 810 2723 Italorum
832 2681 1031 2736 gravitate
1046 2683 1207 2727 animos

118 2757 122 2760 -
169 2729 347 2774 aliorum
391 2733 718 2789 composuerint.
771 2739 1011 2782 Graecorum
1061 2739 1200 2783 levita-

171 2798 286 2851 tem,
329 2788 527 2834 Afrorum
571 2792 810 2848 perfidiam,
852 2796 1048 2849 Syrorum
1093 2796 1206 2852 igna-

174 2860 286 2894 vram
320 2848 598 2904 corrigentes,
642 2865 788 2906 perque
821 2851 1087 2897 humaniores
1118 2853 1199 2896 lite·

170 2916 235 2944 ras
256 2904 513 2949 ArRicarum
537 2906 753 2962 regionum
775 2904 998 2952 barbariem
1021 2910 1198 2954 auferen-

171 2971 256 3012 tes,
289 2976 430 3005 verum
470 2963 512 3005 ἅ
555 2964 719 3018 leges&
742 2966 1018 3021 magistratus,
1052 2968 1094 3011 ἃ
1129 2967 1186 3010 lin

169 3032 323 3073 guam,
355 3019 397 3063 ἃ
431 3021 661 3078 Imperium
681 3054 693 3078 ,
724 3022 766 3067 ἃ
799 3024 925 3081 ipsam
946 3025 1117 3082 denique
1141 3041 1188 3080 pa

1260 1368 1432 1420 derum,
1464 1383 1595 1424 neque
1628 1381 1829 1422 temporis
1857 1379 1928 1410 aut
1962 1367 2196 1418 oblivionis,
2218 1367 2306 1419 jure

1260 1424 1553 1468 interiturum:
1587 1425 1738 1481 quippe
1771 1425 2048 1479 promiscuum
2070 1456 2087 1478 ,
2115 1439 2191 1469 nec
2217 1427 2310 1473 Ro-

1260 1483 1396 1524 manis
1445 1482 1598 1535 modo,
1645 1482 1705 1525 sed
1739 1481 1937 1524 universis
1964 1481 2156 1536 gentibus
2187 1497 2308 1537 para·

1261 1550 1349 1582 turn
1380 1538 1424 1582 &
1455 1539 1590 1592 utile,
1632 1550 1677 1582 ut
1707 1554 1729 1582 e
1761 1554 1801 1583 re
1833 1538 2027 1581 omnium
2060 1538 2181 1581 fuerit
2212 1555 2301 1582 ma-

1258 1611 1355 1639 nere
1398 1609 1620 1652 perpetuo,
1663 1596 1769 1652 quod
1813 1608 2044 1639 ceterorum
2077 1597 2301 1640 commodo

1259 1653 1474 1697 haberetur
1516 1653 1775 1696 institutum.
1806 1653 1911 1708 Quis
1940 1652 2056 1696 enirn
2091 1653 2264 1707 populus
2284 1685 2298 1707 ‚

1259 1722 1465 1766 utcunque
1512 1710 1804 1754 remotissimus
1824 1741 1838 1763 ,
1870 1724 1956 1753 non
1987 1709 2216 1764 imperabat
2251 1710 2298 1754 in

1256 1783 1303 1812 ea
1351 1769 1477 1821 urbe,
1518 1768 1586 1815 ubi
1617 1767 1791 1811 Senatus
1832 1767 1876 1810 ὅτ.
1907 1765 2128 1818 iurisdietio
2159 1769 2199 1809 &
2234 1767 2301 1823 ip-

1260 1825 1295 1868 se
1342 1824 1519 1880 denique
1568 1824 1829 1879 Principatus
1875 1824 2069 1879 patebant
2119 1823 2303 1868 nationi-

1258 1882 1330 1925 bus
1359 1881 1546 1934 cunt‘tis,
1576 1883 1903 1937 quandocunque
1932 1880 2229 1928 auti-nomines
2258 1897 2301 1926 e-

1257 1939 1444 1994 gregios,
1476 1951 1545 1982 aut
1578 1939 1945 1993 praestantiffimum
1977 1938 2125 1990 civili,
2155 1938 2198 1982 &
2218 1939 2304 1983 mi-

1257 1995 1366 2039 litari
1382 1996 1531 2039 virtute
1544 1995 1689 2039 ducem
1705 1996 1862 2039 Latinis
1878 1995 2017 2052 populi
2030 1995 2300 2040 obtulissent?

1315 2053 1468 2108 Quales
1510 2055 1752 2097 Romanum
1785 2053 1880 2096 tulit
1912 2052 2135 2108 imperium
2170 2053 2301 2108 pluri-

1257 2125 1372 2153 mos.
1406 2110 1493 2153 Etsi
1532 2110 1648 2154 enirn
1681 2111 1789 2154 inter
1819 2109 1979 2153 milites
2010 2141 2023 2163 ,
2057 2109 2128 2153 ubi
2162 2110 2306 2166 praeci·.

1258 2182 1332 2222 pue
1364 2168 1533 2210 Senatus
1564 2167 1774 2224 langueret
1804 2167 2021 2211 auetoritas
2052 2197 2066 2220 ,
2098 2169 2202 2210 ratio
2234 2167 2302 2211 vi-

1259 2224 1367 2266 ribus
1416 2225 1747 2280 obtemperaret,
1803 2240 1892 2268 raro
1936 2236 2074 2267 tamen
2119 2224 2211 2280 quis
2252 2224 2303 2268 ad

1259 2281 1489 2336 Imperium
1533 2281 1828 2335 attollebatur,
1875 2280 1947 2324 nisi
1999 2294 2069 2324 aut
2099 2281 2294 2325 omnibus

1258 2339 1504 2392 virtutibus,
1551 2353 1594 2382 ut
1645 2341 1818 2391 Nerva,
1858 2337 2102 2391 (Traianus,
2131 2338 2256 2381 Titus
2282 2369 2296 2391 ,

1260 2396 1448 2439 Pertinax
1478 2427 1490 2449 ,
1553 2396 1647 2439 Pius
1673 2428 1695 2449 ,.
1746 2398 1917 2438 Marcus
1942 2425 1955 2447 ,
2027 2394 2262 2438 Alexander
2287 2427 2299 2449 ,

1261 2453 1410 2496 Probus
1435 2485 1447 2507 ,
1479 2453 1777 2496 Constantinus
1805 2468 1817 2505 3
1848 2464 1919 2495 aut
1949 2450 2192 2496 fortitudine
2216 2453 2295 2495 rni-

1259 2510 1406 2564 litari,
1455 2523 1500 2553 ut
1542 2510 1834 2561 Commodus,
1889 2508 2103 2551 Caracalla
2134 2540 2145 2562 ,
2201 2510 2301 2553 Ma-

1256 2567 1464 2611 ximianus
1488 2598 1502 2618 ‚
1544 2567 1696 2611 Decius
1722 2597 1736 2620 ,
1777 2578 1851 2609 aut
1906 2580 2043 2609 rerum
2090 2565 2292 2622 gestarum

1259 2624 1332 2668 tali
1408 2623 1542 2679 gloria
1575 2655 1588 2677 ,
1649 2639 1729 2680 qua
1795 2621 1899 2666 vitia
1974 2623 2245 2667 obruerentur
2273 2654 2289 2678 ,

1258 2693 1304 2725 ut
1375 2680 1644 2736 Vespasianus
1678 2712 1691 2734 ,
1761 2680 1971 2724 Adrianus
2000 2711 2014 2734 ‚
2084 2681 2254 2726 Severus
2279 2712 2293 2735 ,

1261 2737 1537 2791 Aurelianus,
1592 2738 1877 2782 Diocletianus
1903 2769 1916 2792 ‚
1973 2736 2163 2790 Julianus
2190 2769 2202 2792 ,
2250 2754 2301 2782 a·

1261 2796 1384 2852 liique
1459 2793 1603 2839 ceteris
1672 2796 1916 2839 mortalibus
1985 2795 2249 2850 praestitissent
2284 2826 2295 2837 .

1260 2854 1315 2896 Et
1368 2852 1438 2909 qui
1497 2853 1645 2908 partim
1709 2854 1783 2897 suis
1840 2852 2086 2907 sceleribus,
2142 2853 2295 2908 partim

1258 2910 1476 2954 offenssone
1521 2910 1764 2965 scriptorum
1793 2942 1804 2964 ‚
1847 2911 1957 2955 inter
1999 2911 2177 2954 monstra
2223 2911 2300 2955 ho-

1261 2967 1424 3010 minum
1479 2967 1744 3020 referuntur,
1791 2967 1926 3025 aliqua
1980 2980 2120 3011 tamen
2167 2968 2301 3012 virtu·

1259 3040 1299 3069 te
1350 3024 1449 3069 adeo
1499 3025 1820 3080 excelluerunt,
1892 3037 1936 3069 ut
1993 3025 2077 3077 ejus
2133 3025 2295 3088 laudern

2162 3095 2289 3128 etiarn
