2451 3470
618 113 760 169 DE
840 100 1292 161 ROMAN

577 189 708 243 manius
733 182 960 243 per-iculum
979 195 1048 235 pro
1064 173 1291 233 Republica

648 265 696 294 re
715 258 853 290 autem
880 255 925 285 ut
950 236 1067 283 simul
1092 250 1187 280 cum
1202 250 1290 289 pro-

249 130 277 184 8

248 199 419 262 quidem*
439 192 547 261 quasi

247 260 360 307 ultro
384 256 586 301 subiturus
600 266 612 304 3

1341 95 2041 160 OIMPERIO

1313 171 1322 179 '
1343 174 1585 222 Maximum
1601 210 1611 222 .
1644 180 1738 234 Quo
1763 178 1848 232 jure
1863 180 2128 226 Pontificibus
2151 179 2242 228 aliis
2265 197 2312 227 ac
2327 181 2387 228 sa-

1344 234 1534 278 cerdotiis
1550 237 1744 281 omnibus
1771 239 2057 294 imperabant,
2088 240 2135 285 de
2151 239 2293 296 sacris,
2324 256 2392 285 ce·-

249 315 401 364 vinciis
425 312 507 358 illis
532 311 659 355 etiam
683 304 883 350 exercitus
907 297 956 342 ad
979 310 1044 340 eas
1060 291 1292 350 provincias
1343 293 1564 348 remoniis,
1596 296 1639 340 ἃ
1656 295 1825 349 ritibus,
1856 297 2055 353 omnique
2070 299 2253 341 Deorum
2268 297 2387 342 cultu

238 371 502 429 mittendas,
530 363 782 412 &milittam
804 355 1061 407 universam,
1092 368 1170 410 qua
1185 365 1292 394 cives

252 428 584 492 perterrefaceret
606 455 620 478 ‚
662 422 706 466 in
741 417 931 475 potestate
964 414 1130 476 hab-eret
1159 425 1174 464 3
1206 409 1292 461 (a)

256 502 420 548 pacatas
449 500 545 530 vero
565 479 799 538 provincias
823 476 866 519 &
889 468 1154 538 tranquillas,
1186 467 1291 510 unde

248 541 575 594 honorificentiae
603 537 692 594 plus
720 549 844 592 quarn
865 544 1017 575 virium
1032 525 1291 589 traheba-tur,

249 603 416 650 Senatui
435 596 667 654 Populoque
696 590 900 649 permisit:
935 585 1093 630 unde&
1111 582 1291 646 Italiam

249 664 422 708 Senatus
440 652 788 701 administratione
805 643 1021 706 permansit
1038 658 1047 683 :
1070 643 1088 693 (
1106 641 1158 692 b)
1180 640 1290 704 ideo-

247 736 326 778 que
347 719 454 762 inter
466 712 665 757 Caesareas
678 705 910 766 provincias
923 720 945 747 a
967 703 1102 763 Dione
1117 699 1166 750 (c
1181 700 1197 748 )
1213 713 1291 739 mi-

250 779 366 822 nime
397 771 623 818 recensetur
644 800 656 822 ,
688 764 794 822 quod
826 763 919 806 inde
947 769 1152 810 contigit,
1182 754 1291 818 quod

253 850 378 878 nemo
409 845 589 887 unquam
618 829 948 877 Imperatorum,
980 833 1026 859 ac
1059 813 1289 877 nequidem

251 890 460 936 triumviri
492 886 565 941 ipsi
597 885 641 926 de
678 880 798 924 Italia
831 911 844 934 ,
886 891 973 932 quae
1004 874 1172 933 domina
1203 884 1288 912 erat

252 949 442 995 omnium
478 940 781 1000 provinciarum
804 969 819 991 ‚
854 935 913 978 sed
946 948 1030 994 pro·
1051 927 1177 991 Italia
1206 942 1291 969 cer-

259 1020 341 1050 tare
388 1005 422 1047 se
464 999 724 1045 ostendebant
755 1027 769 1047 ‚
812 993 986 1052 ideoque
1023 1003 1065 1030 1n
1097 983 1291 1029 divtsione

254 1061 424 1118 Imperii
458 1060 564 1102 inter
598 1053 792 1110 Lepidum
830 1053 1063 1111 Antpntum
1099 1043 1142 1085 ἃ
1167 1042 1290 1111 Οέίει-1

255 1123 395 1173 vium,
429 1116 531 1160 nulli
564 1128 703 1156 eorum
742 1108 860 1152 Italia
877 1102 1185 1148 fuitattributa:
1232 1098 1291 1142 sec}

251 1179 295 1224 in
328 1180 498 1220 Senatus
530 1172 723 1228 potestate
757 1164 932 1216 mansit,
966 1176 1040 1203 nec
1064 1157 1109 1202 ad
1125 1170 1191 1220 eos
1206 1171 1286 1219 per-

252 1235 366 1280 venit
393 1266 406 1288 ,
456 1232 525 1287 qui
560 1241 720 1271 tantum
753 1222 1024 1281 pacandarum
1059 1229 1287 1272 provincia-

251 1310 345 1338 rum
379 1289 534 1342 caussa,
565 1286 709 1342 quibus
742 1282 864 1326 Italia
886 1290 1077 1340 praeerat,
1111 1271 1289 1336 militare

253 1349 485 1408 Imperium
519 1343 773 1388 retinebant.
805 1340 905 1402 Hzec
935 1349 1050 1401 enima
1071 1332 1290 1397 D¹⁰¹i¹¹c¹¹ss

252 1409 338 1454 bit:
374 1407 459 1458 (εἰ)
493 1401 611 1447 Italia
626 1400 810 1452 εξαλρετρι
839 1410 887 1435 oea
915 1407 1004 1434 ποπ
1035 1404 1119 1430 ενι-ιω
1142 1403 1290 1428 wamma

255 1466 405 1519 ἔμενεν·
436 1477 525 1520 pag·
560 1474 655 1517 337·
689 1454 769 1508 (*)

436 1578 478 1621 c
540 1577 577 1619 A
640 1571 670 1615 P
730 1569 770 1612 U
835 1566 879 1609 T

247 1695 314 1739 De
357 1691 545 1748 Caesar8i5
584 1682 892 1744 Magrstratibus
935 1676 991 1722 (J
1033 1677 1083 1720 de
1114 1672 1289 1729 Pontifi-

603 1759 693 1789 catu
724 1741 906 1786 Maximo
919 1769 930 1779 .

996 1561 1105 1604 VII.

337 1865 398 1909 Ed
424 1864 504 1916 jam
521 1865 817 1918 Imperatorem
843 1851 1001 1918 eit-acie
1024 1847 1263 1905 produGsum
1279 1880 1292 1901 ,

357 1923 619 1977 perducamus
644 1918 691 1961 ad
716 1931 783 1960 eus
801 1911 1076 1971 magistratus3
1112 1921 1179 1961 per
1193 1919 1291 1960 quos

257 1980 493 2034 potestatem
508 1992 677 2021 omnem
692 1973 857 2018 civilem
883 1977 1122 2022 occupavit.
1155 1965 1290 2016 Quam

254 2036 465 2092 Principes
478 2049 566 2079 tuto
591 2036 624 2078 se
639 2032 813 2076 minime
831 2027 1036 2082 sperabant
1052 2035 1293 2074 retenturos,

1344 367 1427 394 non
1444 352 1590 396 Edif‘ta
1608 353 1890 410 proponebant
1907 355 2027 398 modo
2043 387 2055 409 ‚
2073 356 2131 399 sed
2144 355 2186 398 &
2201 355 2387 399 ferebant:

1344 411 1498 466 Leges-3
1530 409 1591 464 (f)
1604 428 1676 466 ac,
1709 411 1735 454 si
1757 411 1936 463 vellent,
1959 412 2076 456 simul
2091 428 2186 457 cum
2207 413 2387 458 aliorum

1343 467 1590 521 Pontificum
1618 469 1794 524 collegio
1822 469 2056 513 multabant
2082 470 2302 514 violatores
2329 473 2388 513 sa-

1342 541 1503 568 crorum
1521 558 1532 579 ,
1563 526 1768 570 &caussas
1785 527 2033 582 religionum
2047 525 2306 582 judicabant,
2337 527 2384 571 &

1341 583 1554 627 obscurum
1581 584 1686 639 quod
1710 583 1803 628 esset
1831 584 1874 627 in
1900 583 1984 635 jure
2013 583 2121 627 sacro
2141 585 2383 641 interpreta-

1342 640 1453 682 tione
1469 641 1699 696 pandebant
1713 672 1722 684 .
1758 646 1792 685 A
1822 657 1900 698 qua
1922 657 1970 684 ne
1987 641 2176 695 potestate
2190 644 2383 686 caderent

1343 699 1613 751 Imperatores
1627 697 1879 750 Christiani,
1912 700 2010 742 dum
2035 710 2149 741 vetus
2164 699 2385 756 superstitio

1340 754 1471 798 adhuc
1486 768 1698 811 maneret,
1720 755 1766 799 ad
1781 756 2030 800 Gratianum
2050 756 2168 813 usque
2183 787 2195 809 ‚
2212 756 2387 800 Pontifi-

1340 824 1476 858 catum
1493 814 1734 857 Maximum
1751 846 1764 868 ‚
1795 813 1866 857 etsi
1889 815 2031 857 animo
2060 813 2252 865 rejectum
2268 845 2280 867 ‚
2311 828 2385 857 ex·

1340 870 1535 913 trinsecus
1558 885 1700 914 tamen
1734 871 1952 925 ha&enus‚
1985 872 2185 925 arbitror,
2217 871 2383 926 usurpa·

1343 939 1489 970 verunt
1504 960 1516 983 ,
1552 941 1749 983 quatenus
1768 929 1824 972 eis
1840 929 2051 972 necessaria
2066 928 2159 972 esset
2175 927 2387 973 sacerdotii

1345 984 1455 1028 illius
1481 984 1722 1028 auetoritas:
1757 1003 1881 1042 quarn
1910 986 1969 1030 ita
1993 1001 2089 1030 cum
2111 986 2310 1041 nomine,
2341 985 2386 1030 &

1344 1042 1475 1086 forsan
1500 1059 1594 1086 cum
1621 1042 1775 1086 amisti]
1800 1043 1927 1086 etiam
1950 1044 2215 1087 pontificat—us
2239 1044 2383 1087 indue-

1343 1101 1468 1152 bant,
1500 1113 1545 1142 ut
1564 1101 1664 1144 ritus
1679 1113 1817 1143 tamen
1832 1132 1844 1153 ,
1859 1102 2113 1144 ceremonias
2126 1101 2169 1144 &
2192 1101 2386 1144 sacrificia

1344 1158 1600 1201 Pontificalia
1616 1190 1627 1211 ,
1647 1173 1734 1214 quae
1748 1156 1791 1200 in
1806 1157 1997 1201 falsorum
2015 1159 2237 1202 numinum
2251 1158 2385 1202 hono-

1343 1232 1427 1260 rem
1463 1216 1678 1259 vertebant
1704 1246 1717 1268 ‚
1748 1218 1924 1258 omnino
1950 1216 2231 1269 repudiarent.
2265 1217 2385 1260 Nam

1344 1274 1369 1316 si
1393 1273 1682 1317 aufi'mritatem
1709 1272 1833 1326 ipsam
1852 1273 2110 1317 Pontis-iciam
2126 1273 2357 1326 abjecissent
2372 1304 2386 1328 ,

1342 1331 1383 1374 δε
1415 1330 1666 1387 reliquissent
1697 1330 1790 1374 aliis
1831 1343 1991 1374 tantam
2026 1332 2206 1374 muneris
2237 1346 2387 1388 poten-

1342 1389 1473 1441 tiam3
1505 1403 1587 1431 non
1615 1386 1745 1430 solum
1770 1387 1991 1443 amisissent
2010 1404 2156 1432 ornnes
2181 1387 2240 1440 jus
2256 1388 2387 1432 sacro-

1342 1462 1430 1488 rum
1456 1445 1500 1489 &
1526 1445 1800 1500 auspiciorum
1828 1445 1905 1488 sive
1927 1445 2115 1488 civilium
2132 1478 2145 1499 ,
2179 1445 2257 1490 five
2274 1445 2389 1490 mili-

1343 1502 1517 1555 tarium,
1551 1503 1696 1559 quibus
1723 1503 1891 1558 populus
1906 1503 1948 1545 δε
1966 1502 2118 1547 milites
2134 1503 2178 1546 in
2193 1504 2267 1546 fide
2285 1519 2388 1547 con-

1342 1561 1607 1614 tinebantur3
1641 1576 1770 1616 neque
1791 1573 1955 1603 tantum
1985 1560 2019 1604 se
2046 1561 2089 1603 in
2108 1561 2390 1616 superstitione

1342 1619 1526 1662 nondum
1544 1618 1632 1660 satis
1648 1617 1848 1663 inclinata
1872 1633 2023 1673 magna
2050 1617 2212 1674 imperii
2226 1619 2386 1674 portio-

1343 1693 1418 1730 ne,
1452 1674 1718 1730 multassent3
1748 1676 1809 1719 sed
1837 1676 1879 1718 &
1904 1691 2025 1730 grave
2059 1675 2286 1731 periculum
2315 1676 2386 1720 fibi

1343 1733 1532 1778 creassent
1549 1734 1599 1776 ab
1613 1749 1684 1788 eo,
1716 1733 1788 1791 qui
1816 1732 2010 1776 falsorum
2028 1733 2229 1777 sacrorum
2246 1734 2386 1777 austo-

1344 1792 1462 1835 ritate
1477 1807 1545 1848 per
1566 1791 1756 1834 homines
1782 1791 1908 1835 veteri
1935 1806 2070 1835 errore
2096 1805 2301 1846 correptos
2327 1806 2389 1834 res

1343 1851 1384 1893 ἂ
1407 1848 1574 1893 consilia
1593 1850 1793 1904 Principis
1819 1852 1979 1893 turbare
2003 1849 2213 1904 potuisset.
2247 1850 2389 1904 Quam

1344 1907 1544 1952 sacrorum
1571 1907 1807 1961 potestatem
1824 1938 1837 1960 ,
1870 1907 2047 1962 suscepto
2073 1906 2224 1950 amisti]
2241 1906 2383 1950 Ponti,

1344 1966 1462 2018 ficio,
1496 1966 1725 2020 exprimere
1751 1965 1989 2021 oportebat:
2023 1964 2191 2020 ideoque
2206 1965 2312 2008 haud
2327 1963 2388 2007 fa-

1344 2022 1422 2067 cile
1448 2039 1469 2066 a
1494 2023 1662 2067 Zosimo
1682 2022 1929 2066 diffenserim
1949 2054 1960 2074 ‚
1993 2021 2065 2078 qui
2088 2021 2212 2065 refert
2228 2054 2240 2075 ‚
2274 2033 2390 2077 pote-

254 2093 330 2137 nifi
362 2111 452 2138 earn
488 2092 683 2147 religione
715 2085 954 2132 muniissent
982 2114 993 2134 ,
1039 2080 1291 2136 susceptoque
1314 2079 1320 2113 ἲ
1345 2080 1486 2124 statem
1512 2080 1628 2124 simul
1655 2080 1761 2123 hanc
1780 2079 1823 2123 &
1849 2079 2008 2137 insigne
2035 2079 2142 2123 illius
2171 2078 2384 2133 praelatnsn

256 2151 503 2195 Pontificatu
522 2149 741 2200 Maximo,
773 2140 1031 2197 arripuissent
1058 2139 1291 2193 potestatem
1345 2138 1455 2183 fuisse
1505 2140 1555 2182 ab
1600 2137 1919 2193 Imperatoribus
1964 2137 2092 2181 etiam
2135 2129 2385 2181 Christizinis

255 2225 393 2252 rerum
426 2209 687 2259 divinarum,
717 2206 776 2257 (e)
803 2201 945 2257 quibus
959 2196 1318 2266 humanaomniaj
1344 2198 1462 2254 usque
1503 2197 1551 2239 ad
1596 2195 1848 2240 Gratianum
1875 2228 1888 2250 ,
1929 2195 1999 2252 qui
2030 2195 2187 2251 primus
2213 2225 2226 2249 ,
2268 2210 2389 2251 egre·-

247 2266 494 2323 cbligantur
524 2278 643 2321 atque
676 2260 925 2305 volvuntur.
960 2253 1124 2311 Igitur,
1158 2267 1202 2295 ut
1224 2266 1318 2308 per}
1342 2255 1409 2309 gio
1467 2254 1626 2308 pietatis
1683 2253 1877 2309 exemplo
1919 2285 1933 2307 ‚
1995 2253 2174 2297 recusato
2227 2253 2385 2298 amiRu

258 2323 402 2367 divina
436 2324 479 2367 in
519 2320 734 2366 arbitrium
779 2317 893 2360 suum
936 2313 1118 2356 humana
1150 2311 1317 2353 omnia!
1344 2312 1562 2355 Pontificio
1587 2343 1600 2364 ‚
1643 2312 1890 2356 exteriorem
1933 2326 2094 2367 quoque
2126 2309 2272 2353 faciem
2307 2309 2386 2354 hu-

253 2381 517 2437 redigerent,
563 2381 830 2433 Imperatores
867 2387 953 2415 non
987 2369 1115 2413 solum
1148 2349 1401 2432 Augu-lius
1435 2368 1684 2427 superstitiosi
1729 2368 1910 2412 muneris
1951 2385 1973 2411 a
2016 2369 2052 2412 se
2082 2367 2268 2421 avertit3
2317 2380 2387 2411 ut·-

253 2452 392 2482 ratum
418 2470 431 2492 ‚
475 2438 520 2482 δε
567 2430 999 2492 Quindecimviraturn
1044 2427 1246 2469 sacrorum
1280 2433 1502 2484 ,gcunque
1546 2426 1825 2471 Gothofredus
1868 2425 2004 2478 junior
2037 2457 2049 2480 ‚
2096 2425 2138 2467 ἃ
2182 2440 2277 2468 cum
2323 2441 2387 2469 re-

254 2510 333 2553 que
363 2495 518 2548 majora
564 2491 780 2537 sacerdotia
821 2499 937 2532 erant
968 2519 982 2542 ‚
1026 2483 1087 2527 sed
1120 2484 1592 2540 Augusti'centioribus
1640 2484 1732 2528 aliis
1784 2483 2037 2527 eruditorum
2081 2482 2386 2526 Tillemontius

253 2552 449 2610 exemplo
480 2585 494 2609 ‚
529 2550 663 2610 ipsum
706 2549 959 2604 susceperunt
999 2541 1291 2588 Pontificatum
1341 2556 1484 2588 contra
1516 2542 1730 2587 zosimum
1762 2553 1948 2599 pugnent
1975 2556 1984 2582 ε
2019 2555 2142 2596 quem
2173 2538 2253 2583 alia
2285 2555 2386 2596 prae-

2260 2609 2324 2642 ter

1565 2699 2160 2715 ¹—-—=-—·—-—0-—-u——
2164 2697 2385 2712 —ae—-

475 2705 844 2724 ——n-—u-*Q
849 2703 1069 2720 ---—-u
1073 2701 1292 2714 uun—.—

1336 2791 1419 2825 dens
1444 2815 1455 2831 ‚
1479 2790 1512 2824 id
1538 2790 1569 2823 se
1592 2801 1687 2833 agere
1709 2813 1721 2831 ‚
1749 2801 1816 2824 non
1844 2813 1856 2831 ‚
1882 2798 1919 2824 ut
1943 2789 2077 2823 nomine
2100 2791 2241 2823 Senatus
2266 2790 2383 2828 tmpe-

1340 2846 1430 2871 rator
1455 2837 1493 2869 fit
1518 2837 1682 2868 exercitus
1708 2858 1720 2876 ,
1759 2835 1812 2869 sed
1849 2844 1886 2868 ut
1922 2835 2130 2873 Maiestatem
2155 2843 2231 2866 cum
2257 2836 2381 2867 Senatu

1340 2883 1370 2914 8(
1396 2883 1520 2925 populo
1544 2883 1697 2914 Romano
1721 2881 1834 2915 saltem
1858 2880 2000 2913 divisam
2023 2880 2054 2913 δι
2079 2881 2292 2912 communem
2324 2877 2383 2912 ha-

1340 2928 1436 2960 beat.
1463 2928 1494 2958 Si
1521 2925 1586 2958 dux
1613 2934 1742 2959 tantum
1769 2925 1931 2960 exereitus
1957 2916 2098 2957 Rosnmi
2123 2931 2193 2956 erat
2209 2942 2220 2961 ‚
2244 2922 2382 2964 provin·

1339 2973 1399 3005 ciis
1423 2970 1626 3005 turbulentis
1649 2970 1777 3012 praesse
1803 2978 1932 3013 poterat
1960 2993 1972 3008 ,
2009 2966 2136 3002 etiamii
2162 2978 2206 3000 eae
2231 2968 2265 2999 in
2289 2975 2385 3008 pote-

1339 3018 1419 3051 state
1444 3015 1628 3050 mansissent
1654 3018 1812 3049 Senatus.
1841 3018 1922 3057 Qiae
1946 3010 1982 3047 in
2005 3013 2070 3047 fine
2095 3011 2213 3058 capitis
2225 3011 2383 3048 deunana

1339 3062 1518 3100 dicuntur,
1544 3062 1704 3103 elegantis
1730 3065 1804 3096 tunt
1827 3058 2092 3094 observationis.

1386 3110 1450 3148 (e)
1477 3107 1565 3140 Dion
1596 3106 1729 3152 lib-*53-

1381 3154 1451 3197 (ί)
1473 3151 1616 3196 Dionys.
1637 3151 1700 3190 ab.
1736 3159 1814 3197 ap.
1833 3160 1904 3192 13²·
1927 3148 2154 3195 sub.num.4.

296 2801 317 2840 (
330 2796 374 2837 a)
396 2797 457 2832 ls'b-
484 2801 537 2840 48.
555 2801 591 2833 in
603 2799 706 2843 pn'nc.
1153 2837 1158 2844 ι

294 2844 366 2885 (b)
395 2843 485 2877 Dion
507 2844 566 2878 lib.
585 2856 636 2888 53.
658 2842 770 2879 Tacit·
796 2839 907 2875 annal.
943 2847 972 2870 ι.
997 2835 1104 2873 strab.
1131 2834 1211 2870 hber
1224 2837 1289 2870 ule.

252 2899 288 2921 sn
342 2901 402 2922 ne.

297 2888 370 2974 [Ji]
396 2934 636 2969 ‘silleri-onnus
663 2935 700 2967 in
723 2928 858 2976 August.
885 2937 997 2968 arc-4.

297 2980 376 3018 (d)
401 2979 459 3014 lib.
484 2982 536 3020 48.
564 2982 599 3014 in
622 2981 725 3024 princ.
959 3017 970 3025 ⁹
1058 3017 1067 3025 ⁹
1113 3015 1122 3022 ,
1149 3014 1157 3022 ·
1244 3013 1252 3020 ·

292 3025 379 3065 ζ’)
404 3025 662 3068 Descriptionem
690 3019 908 3064 Imperatoris
923 3041 933 3059 ‚
959 3028 994 3051 in
1018 3025 1182 3060 principio
1197 3012 1293 3053 huius

251 3070 371 3112 capitis
395 3070 589 3113 proditam,
616 3081 713 3104 nemo
738 3065 853 3102 tulerit
878 3064 914 3098 in
938 3063 1092 3105 Principe
1118 3065 1289 3093 Romano.

253 3116 412 3157 Augustus
433 3125 514 3150 cum
542 3126 665 3149 nomen
695 3111 911 3156 Imperatoris
944 3107 1092 3141 declinat
1116 3128 1127 3145 ‚
1147 3106 1197 3156 ,ἃ
1225 3108 1293 3138 Irn-

253 3154 382 3200 per-‘ium
407 3160 441 3193 in
476 3161 738 3205 quinquennium
775 3164 907 3189 tanturn
942 3153 994 3186 vel
1017 3152 1217 3186 decennium
1240 3147 1292 3183 su-

246 3203 343 3250 scipit
366 3226 378 3247 ‚
400 3207 515 3250 populi
537 3207 672 3242 auribus
696 3201 867 3253 insidiatur
893 3222 907 3243 ,
927 3209 965 3234 re
987 3197 1053 3243 ipsa
1079 3196 1155 3232 satis
1178 3195 1286 3232 osten.
