2451 3470
614 54 1094 111 'OPUS

87 133 322 191 grinatione
352 132 538 188 sequutus
560 163 571 184 ‚
604 147 704 189 quos
737 129 828 174 inde
860 128 1036 185 arripuit
1068 127 1123 172 ri·

91 205 152 236 tus
182 192 226 235 &
257 190 468 243 instituta,
501 190 702 233 transtulit
733 188 780 232 ad
813 187 944 248 suos.-

147 247 392 292 Tarentinis
425 247 617 290 Architas
649 247 753 302 leges
786 243 999 301 condidit,
1032 243 1126 306 Par-

84 306 269 348 menides
320 304 363 348 8(
394 306 540 347 Zenon
574 303 755 348 Eleatis.
785 301 864 345 His
895 299 1127 342 confimlles

89 361 337 418 legislatores
368 362 601 416 prodierunt
633 359 854 410 Eudoxus,
887 372 1003 414 aquo
1017 355 1120 420 Gni-

90 419 145 462 dii
180 450 192 470 ,
224 419 510 463 Androdamus
542 416 781 473 Rheginus,
813 429 935 469 aquo
953 412 1123 455 Chalci-

87 476 249 528 denses,
283 475 352 532 qui
387 476 477 518 sunt
501 476 542 519 in
563 473 746 517 Thracia
767 505 778 516 .
806 471 964 515 Verum
989 470 1122 534 legum

93 532 270 575 latorum
292 533 482 576 omnium
502 528 815 576 celeberrimi&
832 527 1124 583 prudentissimi

82 589 200 635 fuere
243 590 479 633 Phoroneus
523 587 670 632 Inachi
702 586 841 639 filius,
883 586 1124 646 Graecorum

56 657 64 664 ”
91 649 258 703 Regum
305 647 605 702 antiquissimus
649 661 671 687 a
701 659 784 699 quo
815 655 929 684 exuti
964 641 1124 704 feritate

84 704 128 747 &
160 706 203 747 in
237 704 379 747 urbem
408 702 535 745 coas‘ci
564 733 576 754 ,
609 701 652 743 ἃ
684 699 839 755 legibus
868 696 1032 740 fuerunt
1061 712 1125 739 in-

86 761 211 804 stituti
243 772 362 815 atque
393 758 577 811 edueati,
609 757 782 809 Minos,
816 757 1053 809 Lycurgus,
1082 753 1126 798 &

87 831 194 861 cum*
214 818 406 859 Dracone
436 815 563 858 Solon
581 846 590 857 .

148 873 293 916 Minos
324 875 341 925 ς
370 873 588 916 Gnoffium
619 868 843 925 intelligo,
876 883 959 910 non
990 882 1087 911 eum
1112 898 1125 921 ‚

83 930 154 986 qui
188 927 423 984 Apolloniae
453 928 668 985 regnavit,
699 939 744 970 ut
767 941 816 970 ex
834 925 1003 968 Platone
1016 925 1125 967 Stra-

87 987 141 1029 bo
182 985 227 1029 &
259 985 450 1030 Valerius
478 985 698 1029 Maximus
729 983 932 1039 colligunt
961 981 979 1033 )
1014 996 1126 1024 nono

84 1058 245 1099 quoque
293 1058 404 1086 anno
434 1043 546 1094 Jovis
578 1055 743 1086 antrum
776 1039 905 1083 subire
938 1039 1089 1082 solebat
1114 1054 1150 1079 :v

88 1101 193 1143 unde
223 1100 411 1154 prodieris
443 1101 601 1145 decreta
633 1100 675 1142 ὅτ.
707 1099 813 1154 leges
844 1096 891 1140 in
913 1112 961 1139 eo
986 1094 1126 1138 seceffu

85 1156 267 1199 conditas
288 1157 404 1208 Jovis
425 1158 593 1200 nomine
616 1156 896 1212 proponebat3
917 1154 1021 1198 unde
1037 1153 1127 1195 Ho-

87 1229 225 1257 mero:
261 1213 517 1262 ἐννέωρπΔιός
531 1215 673 1266 μεγάλκ
703 1212 848 1258 &argivis
879 1210 1058 1262 dicitur,
1083 1208 1126 1251 δί

83 1269 248 1314 Platoni
283 1268 325 1311 in
358 1270 505 1312 Minoe
522 1273 539 1310 :'
567 1271 738 1317 φοιτῆσαι
768 1266 819 1306 εἰς
848 1269 897 1307 «τό
925 1265 1124 1314 ἄντροντέ

82 1326 195 1368 Διός.
229 1328 432 1380 Lycurgus
466 1326 508 1368 in
540 1327 711 1366 Cretam
745 1321 945 1376 profeElus
964 1318 1125 1366 Minois

84 1381 268 1426 instituta
299 1383 522 1438 cognovit,
555 1381 596 1425 ὃς
627 1394 771 1422 eorum
805 1378 936 1422 multa
969 1377 1014 1423 in
1037 1379 1125 1421 suas

82 1438 285 1482 transtulit
317 1438 454 1496 leges,
486 1453 583 1494 quas
604 1435 922 1495 Lacedaemoniis
938 1434 1123 1491 promul-

84 1496 228 1550 gavit,
258 1511 305 1540 ac
328 1511 423 1549 ,me
457 1495 571 1539 suum
602 1494 639 1537 ei
672 1500 829 1536 numen
859 1492 1028 1545 deeffet,
1060 1506 1128 1548 eas

83 1551 276 1606 Apollini
319 1552 578 1610 assignavit.
627 1553 738 1605 Quas
790 1549 895 1607 leges
930 1582 943 1604 ,
987 1560 1126 1605 utpote

84 1623 170 1651 non
202 1621 288 1652 tam
319 1610 369 1652 ad
398 1608 701 1661 urbanitatem,
734 1623 858 1663 quam
879 1608 925 1650 ad
941 1607 1125 1650 militum

86 1665 282 1710 ferociam
303 1665 508 1710 institutas
524 1698 535 1719 ‚
570 1666 683 1709 Plato
697 1664 741 1707 ὃς
756 1663 996 1709 Aristoteles
1011 1678 1126 1719 agre-

84 1723 157 1767 stes
202 1722 446 1767 censuerunt
479 1724 521 1768 δι
554 1723 708 1778 asperas
735 1753 745 1763 .
779 1722 956 1766 Athenae
988 1737 1084 1765 vero
1111 1753 1123 1774 ,

84 1795 166 1836 qua
210 1796 260 1824 ex
304 1778 400 1825 urbe
442 1781 581 1825 omnis
621 1778 742 1823 fluxit
782 1778 1056 1832 humanitas,
1084 1777 1128 1822 δε

82 1853 247 1881 morum
280 1851 398 1894 atque
434 1839 629 1882 sermonis
661 1837 864 1893 elegantia
886 1868 898 1890 ,
931 1836 1014 1890 post
1046 1833 1127 1888 eje-

86 1893 170 1936 &os
215 1896 346 1948 Reges
388 1895 591 1939 diuturnis
634 1894 787 1945 ja&atae
829 1892 1126 1947 seditionibus,

84 1966 160 1994 nec
207 1951 303 1996 dum
337 1952 465 1995 firmis
497 1951 698 1996 radicibus
730 1951 773 1995 in
807 1950 990 2007 populari
1025 1950 1127 1994 statu

87 2007 339 2061 constitutae,
370 2025 418 2053 ac
449 2023 591 2064 praeter
616 2024 789 2066 paucas,
822 2024 920 2064 quas
944 2007 1126 2051 tulerant

84 2066 248 2118 Reges,
285 2065 466 2109 nondum
501 2066 617 2110 certis
649 2065 807 2122 legibus
832 2064 1025 2121 illigatae,
1060 2080 1125 2107 ac-

85 2133 286 2177 ceperunt
333 2137 396 2166 eas
439 2140 461 2165 a
496 2126 686 2167 Dracone
717 2154 729 2176 ‚
779 2123 846 2177 qui
881 2120 1125 2165 austeritate

87 2177 221 2234 magis
253 2195 377 2234 quam
409 2179 564 2234 legibus
597 2180 674 2223 suis
703 2179 859 2223 civibus
881 2178 1124 2233 imperavit.

88 2236 297 2292 Siquidem
341 2236 400 2288 jus
441 2239 491 2279 ab
531 2253 580 2280 eo
620 2236 833 2280 conditum
869 2248 1032 2290 propter
1062 2235 1125 2277 ni-

88 2295 219 2336 miam
256 2293 511 2337 lexeritatem
545 2293 592 2336 ad
626 2293 833 2338 feritatem
864 2292 1125 2346 defleffiebat3

86 2368 132 2395 ac
164 2349 340 2394 minime
373 2350 624 2406 congruebat
655 2348 1124 2392 humanaeirnbecillita·

87 2409 119 2450 ti
166 2421 315 2450 naturae
341 2439 354 2460 ,
403 2423 527 2463 quam
562 2407 630 2450 ille
662 2406 828 2450 voluisse
858 2406 1023 2448 videtur
1053 2421 1122 2450 ex-

82 2466 271 2520 tinguere
300 2496 313 2519 ,
363 2481 459 2508 cum
511 2464 575 2506 vel
620 2463 798 2506 minima
829 2463 1004 2506 crimina
1035 2479 1123 2506 ma-

91 2522 215 2565 ximis
247 2533 474 2578 exaequaret
507 2554 519 2575 ,
551 2537 648 2578 quas
683 2521 790 2576 leges
823 2520 903 2575 ipsa
938 2520 1125 2564 severitas

87 2579 284 2622 relaxavit
312 2610 320 2619 .
368 2579 479 2622 Cum
524 2579 678 2622 etenim
711 2577 776 2621 vel
811 2577 955 2621 leviter
985 2593 1123 2620 erran-

89 2636 193 2678 tibus
237 2649 403 2689 poenam
453 2636 596 2692 capitis
640 2637 936 2688 minarentur,
969 2635 1126 2679 levibus

88 2708 225 2736 autem
270 2693 470 2734 erroribus
516 2693 578 2736 vel
631 2692 911 2748 sapientissimi
945 2692 1021 2734 lint
1053 2694 1122 2735 ob-

84 2749 243 2801 noxii,
289 2764 413 2790 nemo
460 2750 646 2792 tuebatur
697 2751 734 2794 id
783 2749 889 2806 quod
931 2750 1125 2793 omnibus

82 2821 170 2850 erat
213 2821 320 2859 aeque
369 2805 704 2849 formidandum:
737 2806 829 2850 ideo
861 2822 931 2861 per
963 2807 996 2849 se
1028 2815 1127 2850 c'on-

86 2864 213 2914 cidit,
246 2863 350 2917 quod
385 2878 508 2904 nemo
541 2863 708 2918 populi,
743 2878 875 2918 neque
899 2862 1024 2907 ullius
1041 2880 1124 2907 ma-

87 2922 271 2977 gistratus
305 2919 545 2963 auetorixrite
580 2919 846 2963 fulciebatur.

83 3077 192 3090 -1——-··

129 3107 214 3146 (a)
242 3105 409 3141 Plutarch.
437 3107 472 3138 in
496 3106 615 3138 solone
636 3127 645 3136 .

418 3076 536 3085 --—-—-·-
545 3073 1122 3090 ——oae—,u-—u--u—--i———5———n-

1175 55 1223 108 G
1302 52 1359 105 U
1439 51 1487 102 L
1566 49 1645 99 A.

1231 126 1392 181 Quippe
1441 121 1600 166 malum
1634 122 1771 164 Draco
1802 133 1886 163 non
1918 132 2005 167 tam
2035 140 2089 171 ex
2119 67 2211 173 αξξ.

1172 184 1384 241 gnitudine
1428 179 1622 223 facinoris
1646 209 1657 231 ,
1700 192 1823 232 quam
1854 192 1903 220 ex
1937 179 2083 226 vitiato
2116 200 2210 242 pec.

1172 242 1355 286 cantium
1388 238 1532 281 animo
1560 235 1807 287 aest'imabat‚
1839 249 1885 276 ac
1916 249 1965 278 ex
1997 240 2115 283 omni
2143 242 2211 286 vi-

1173 299 1232 342 tio
1273 295 1483 353 quodlibet
1527 291 1778 336 maleficium
1826 289 1964 354 oblata
2008 292 2205 342 facultate

1173 356 1338 410 putabat
1368 364 1606 408 erupturum
1634 381 1646 403 ,
1677 364 1765 405 quae
1798 347 1876 391 fuit
1910 348 2015 392 ratio
2046 352 2210 398 Stoico-

1173 428 1262 456 rum
1288 443 1299 453 .
1344 408 1554 464 Quaerenti
1599 419 1737 450 autem
1780 404 1941 463 cuidam
1972 437 1986 460 ,
2017 423 2088 451 cur
2118 426 2211 454 om-

1173 471 1292 512 nibus
1322 466 1476 512 deliffis
1508 464 1681 519 capitale
1714 461 1956 526 supplicium
1991 465 2207 522 statuisset.3

1173 525 1402 581 respondit,
1435 524 1469 567 se
1491 521 1731 568 debetorum
1766 521 1828 564 vel
1853 535 2078 585 minimum
2101 540 2213 568 mor-

1171 596 1212 628 te
1244 583 1415 638 dignum
1447 579 1621 632 judicare
1649 595 1662 633 3
1692 580 1738 624 ad
1772 593 1956 642 maxima
1988 594 2084 623 vero
2118 583 2211 624 nul,

1174 641 1256 684 lam
1288 655 1454 694 poenam
1489 637 1675 681 invenire
1707 649 1840 681 morte
1872 650 2072 686 majorem
2100 654 2111 680 ε
2144 639 2213 680 Tae¹

1155 696 1239 748 ’μέν
1266 695 1379 747 μικροέ
1406 693 1629 746 &Simiam-Tot
1648 696 1798 734 &mima
1813 693 1896 742 ἆξιεε
1913 691 2069 745 νομίζειν
2084 724 2095 745 ‚
2125 697 2208 736 τοῖς

1171 751 1217 791 82¹
1244 752 1415 802 μργοέλοις
1444 749 1488 788 ἐκ
1519 747 1618 799 ἔχειν
1647 747 1801 803 (affigam
1830 746 1971 800 ζημὶαν
1989 776 1999 788 .

1230 805 1347 850 Hinc
1377 805 1420 847 &
1451 800 1584 846 otium
1616 818 1748 862 poenae
1777 801 1994 846 obstrinxit
2027 833 2038 855 ,
2069 818 2213 849 exem-

1174 861 1243 918 plo
1275 861 1408 906 forsan
1440 860 1762 917 AEgyptiorum,
1791 877 1814 905 a
1846 860 1994 916 quibus
2014 859 2212 909 Solonem

1180 919 1288 963 hanc
1332 918 1575 964 transtulisse
1621 917 1751 972 legem
1785 917 1830 960 in
1864 918 1947 961 suas
1978 919 2212 967 Herodotus

1179 976 1333 1031 tradit;
1364 991 1512 1031 nempe
1544 987 1588 1019 ut
1619 975 1767 1031 singuli
1800 975 1916 1018 suum
1949 975 2111 1019 vivendi
2144 993 2215 1034 ge-

1174 1049 1248 1079 nus
1278 1035 1382 1087 apud
1414 1031 1669 1089 magistratus
1697 1033 2007 1088 profiterentur,
2042 1036 2216 1079 cunile2

1172 1107 1267 1148 gem
1302 1090 1447 1134 Pollux
1478 1092 1526 1133 de
1556 1089 1684 1144 otiofis
1716 1090 1896 1134 Draconi
1929 1090 2109 1145 tribuat,
2139 1091 2211 1149 qui

1172 1160 1266 1191 ante
1299 1148 1494 1191 Solonem
1530 1146 1635 1201 leges
1667 1146 1798 1200 tulit,
1830 1163 1875 1191 ac
1906 1163 1929 1190 a
1960 1146 2109 1192 Solone
2129 1149 2206 1193 otii

1174 1204 1295 1248 tertio
1308 1205 1550 1249 damnatum
1567 1202 1739 1247 infamia
1755 1203 1893 1259 puniri
1909 1204 2065 1248 scribat.
2081 1206 2208 1249 Certe

1173 1261 1300 1306 Solon
1332 1264 1553 1317 Areopago
1586 1260 1800 1316 negotium
1832 1260 1970 1313 dedit,
2020 1276 2065 1305 ut
2098 1264 2211 1307 vide-

1175 1332 1267 1364 rent
1292 1351 1304 1374 ,
1337 1319 1444 1376 quod
1474 1317 1640 1373 quisque
1671 1317 1838 1361 vivendi
1870 1334 1997 1373 genus
2021 1319 2211 1364 instituis-

1176 1376 1229 1421 set
1254 1408 1266 1430 ,
1308 1377 1350 1420 δι
1384 1377 1425 1419 in
1459 1390 1526 1418 eos
1559 1406 1572 1428 ,
1612 1390 1713 1430 quos
1742 1374 1893 1419 otiosos
1923 1375 2172 1420 effendissent
2199 1411 2213 1432 ‚

1173 1435 1573 1478 animadverterent.
1597 1431 1910 1486 ,Theophrastus
1942 1447 2039 1475 vero
2068 1434 2132 1474 τόν
2149 1437 2212 1474 τῖς

1173 1489 1303 1541 α’ργὶας
1332 1491 1436 1541 νόμον
1464 1517 1475 1538 ,
1505 1491 1624 1546 legem
1650 1489 1702 1533 de
1732 1488 1860 1542 otiosis
1894 1489 2215 1533 Pisistratozaffi-

1174 1557 1277 1601 girat
1310 1577 1319 1588 .
1352 1547 1553 1590 Ceterum
1586 1559 1752 1602 propter
1782 1562 1924 1590 earum
1958 1546 2215 1591 severitatem

1176 1602 1379 1646 Draconis
1412 1602 1518 1659 leges
1551 1615 1654 1647 natae
1687 1603 1927 1647 dicebantur
1952 1620 1974 1646 a
1996 1603 2216 1657 sanguine.

1236 1662 1348 1715 Qas
1380 1661 1545 1705 tandem
1579 1659 1696 1704 novis
1727 1660 1901 1704 conditis
1934 1660 2218 1716 legibusabro-

1175 1717 1289 1773 gavit
1319 1717 1447 1761 Solon
1479 1718 1691 1775 postquam
1722 1718 1772 1761 ab
1803 1718 2122 1763 Atheniensibus
2137 1722 2218 1762 Ar-

1180 1773 1291 1818 chon
1339 1791 1424 1818 non
1469 1776 1571 1819 sorte
1597 1807 1610 1828 ,
1643 1775 1703 1818 sed
1736 1775 1877 1829 sponte
1909 1775 1986 1818 fuit
2017 1776 2212 1819 constitu-

1177 1845 1263 1875 tus.
1300 1832 1416 1888 Isque
1445 1848 1541 1877 cum
1575 1832 1892 1888 Rempublicam
1925 1833 2007 1886 [a]
2038 1833 2217 1885 accepis-¹

1176 1889 1231 1933 set
1263 1887 1457 1939 intestino
1492 1891 1636 1934 morbo
1668 1890 1923 1935 laborantem
1950 1921 1961 1943 ‚
2005 1890 2049 1933 &
2079 1890 2210 1934 adhue

1173 1957 1358 1991 veterum
1393 1947 1636 1990 seditionum
1667 1946 1848 2003 reliquiis
1881 1946 2209 2001 periclitantem,

1173 2003 1326 2047 relisus
1356 2004 1660 2060 magistratibus
1689 2020 1814 2062 penes
1843 2003 2015 2055 divites,
2052 2004 2094 2047 in
2119 2005 2211 2061 qui-

1174 2061 1245 2103 bus
1275 2073 1394 2105 antea
1415 2062 1706 2115 constiterant,
1738 2061 1901 2106 censum
1922 2061 2077 2105 civium
2097 2062 2208 2116 egit,

1172 2117 1332 2161 ordines
1361 2118 1591 2174 descripsit,
1621 2119 1690 2171 ὃς,
1725 2126 1797 2173 pro
1830 2119 1984 2163 tributa
2014 2117 2211 2161 sibiaPo-

1173 2174 1269 2230 pulo
1300 2176 1522 2230 potestate,
1555 2176 1834 2231 magistratus,
1867 2175 2114 2228 conciones,
2148 2174 2208 2226 ju-

1171 2232 1278 2275 dicia
1305 2248 1327 2286 ;r
1347 2233 1476 2276 curias
1497 2264 1509 2286 ,
1542 2247 1712 2276 numero
1745 2247 1928 2288 tempore
1962 2248 2210 2288 munereque

1172 2289 1383 2342 distinxit,
1415 2288 1582 2345 juraque
1614 2306 1708 2332 cuni
1742 2290 1929 2345 privata,
1961 2301 2049 2333 tum
2071 2289 2206 2345 publi·

1173 2362 1247 2400 ca,
1280 2347 1353 2390 luis
1385 2346 1538 2402 legibus
1569 2347 1784 2401 definivit,
1817 2347 1860 2390 ὃς
1884 2348 2065 2391 senatum
2081 2349 2213 2397 Areo-

1174 2403 1397 2459 pagiticum
1424 2435 1437 2455 ‚
1482 2403 1762 2460 gravissimum
1797 2405 1916 2448 illum
1948 2404 1991 2446 ὃ(
2025 2417 2213 2458 pervetu-

1172 2461 1302 2514 stum,
1334 2460 1541 2504 constituit
1571 2476 1621 2505 ex
1654 2462 1730 2515 iis,
1761 2461 1829 2519 qui
1862 2477 2047 2505 annuum
2080 2462 2212 2516 magi-

1173 2519 1337 2561 stratum
1381 2519 1577 2573 gesserant
1619 2531 1739 2575 atque
1787 2535 1938 2563 novem
1984 2518 2211 2561 Archonti-

1173 2575 1243 2617 bus
1271 2607 1283 2628 ,
1326 2576 1393 2630 qui
1447 2589 1568 2620 antea
1600 2576 1750 2619 summi
1784 2576 1931 2629 judices
1963 2588 2107 2629 erant,
2142 2575 2208 2617 ni-

1173 2631 1232 2676 hil
1278 2631 1444 2688 reliquit
1495 2645 1636 2688 praeter
1681 2649 1855 2678 examen
1900 2648 2092 2678 reorum.
2124 2633 2212 2685 (b)

1173 2691 1370 2733 Senatum
1404 2703 1592 2745 praeterea
1621 2691 1790 2736 decretis
1821 2703 1916 2734 ante
1950 2689 2122 2734 comitia
2140 2690 2214 2732 Po-

1174 2748 1257 2802 puli
1303 2746 1498 2791 faciendis
1528 2748 1738 2792 conssituit
1769 2765 1790 2792 e
1821 2761 1995 2805 quatuor
2028 2746 2210 2789 tribuum

1175 2804 1358 2848 centenis
1386 2836 1398 2857 ,
1443 2818 1486 2847 ut
1519 2805 1678 2860 plebem
1709 2806 1762 2848 ob
1795 2804 2000 2850 remissum
2033 2819 2081 2846 as
2112 2803 2207 2846 alie-

1174 2878 1273 2904 num
1306 2861 1573 2906 ferocientem
1594 2863 1908 2920 comprimeret.
1943 2865 2083 2916 thue
2115 2861 2211 2903 Ari-

1174 2919 1325 2962 stotelis
1369 2919 1602 2963 testimonio
1645 2920 1889 2965 concludam
1916 2952 1930 2974 ,
1975 2917 2208 2980 Solonem,

1726 2980 1770 3022 H
1831 2995 1854 3022 2.
2150 2985 2206 3016 ait

1396 3073 1503 3084 ——
1508 3075 2055 3098 h—Q-—u—-m-—un
2061 3070 2207 3092 *qq-*¹¹⁸¹

1198 3114 1201 3117 ·
1219 3106 1237 3143 (
1253 3103 1270 3136 b
1285 3104 1304 3142 >
1327 3103 1415 3136 Suid-
1443 3104 1529 3137 verb.
1558 3104 1676 3146 Α’,εχων
1690 3128 1700 3139 .

1176 3075 1282 3085 ————
