2451 3470
243 132 306 184 18

626 119 770 172 DE
852 110 1392 167 ROMANO
1478 112 2052 171 IMPERIO

228 199 346 247 adid
377 194 620 253 exemplum
668 190 932 237 conditorum
972 186 1158 230 moribus
1192 199 1284 241 pars
1328 199 1463 229 tatem
1491 219 1502 241 ‚
1548 201 1780 245 novamque
1824 188 1920 234 inde
1964 191 2134 236 fundare
2166 192 2375 250 Rernpub.

227 263 397 304 Senatus
423 289 436 312 ,
469 253 634 313 qualem
655 251 694 294 se
725 249 937 310 profitetur
966 244 1184 307 Julianus:
1219 244 1283 295 (a)

226 318 270 362 δί
290 328 433 362 contra
446 307 615 358 Senatus
639 323 728 366 pars
745 305 943 360 Principis
961 334 972 354 ,
1004 301 1137 365 qualis
1156 315 1284 364 agno-

231 375 353 420 scitur
383 373 432 417 ab
459 369 635 415 Arcadio
658 368 703 411 &
728 363 920 428 Honorio
942 360 1014 426 [b]
1048 359 1109 401 his
1126 360 1256 401 verbis
1269 373 1282 422 :-

236 436 469 478 Senatorum
499 428 618 472 etiam
649 427 666 477 (
699 438 791 486 narn
833 426 889 464 29¹
931 416 1132 481 ¹IJfiJ⁴²²⁶5
1164 414 1280 479 (tosti-t

235 491 401 548 ‘eorporis
420 488 542 544 sunt.
577 487 593 536 )
619 485 685 526 Ei<
711 480 862 535 quibus
882 477 1075 527 CuJacius
1089 472 1253 527 colligit
1271 504 1283 527 ‚

243 549 299 603 [c]
329 563 417 592 non
446 556 630 601 oportere
662 556 684 582 a
718 537 906 590 Principe
939 534 1108 594 Senatus
1127 532 1284 594 decreta

240 603 500 650 coinfirmari.
532 601 646 643 Cur?
680 597 797 638 Num
827 592 936 635 forte
967 604 1064 647 quia
1091 589 1282 653 Princeps

241 659 450 707 vocaverit
464 661 657 702 Senatum
680 655 725 697 in
750 662 905 707 partem
930 648 1008 711 suae
1020 645 1155 690 civilis
1169 658 1283 710 pote-

242 719 380 765 statis?
413 716 611 760 minime:
644 710 805 754 nullam
828 707 943 752 enim
968 719 1054 757 iure
1082 704 1147 747 suo
1165 705 1282 746 Prin-

236 793 329 835 ceps
361 776 534 820 habebat
554 805 566 827 ,
600 770 660 813 led
692 767 776 819 jure
811 765 1122 828 magistratuum
1159 761 1283 804 susce-

235 849 433 893 ptorum,
465 844 535 876 aut
566 828 684 884 ipsius
716 836 1014 869 communrone
1047 821 1218 863 Senatus
1238 818 1284 861 de

233 910 316 950 quo
341 892 452 935 velut
477 905 526 933 ex
547 886 662 929 fonte
679 881 834 935 publici
850 879 948 933 juris
962 880 1196 934 Imperator
1213 891 1285 940 po-

239 951 422 993 testatem
457 946 604 1001 partim
629 974 641 995 ‚
673 939 815 984 oblata
845 936 1053 981 occafione
1075 966 1092 987 γ,
1121 935 1284 978 haurie-

238 1008 333 1060 bat,
362 1003 512 1062 partim
533 995 982 1058 perenniter-ducebat3
1006 992 1154 1056 ntideo
1171 991 1286 1055 Prin-
1337 992 1399 1035 vel
1436 994 1616 1048 Imperio
1646 1009 1795 1038 exuere
1820 1026 1834 1047 ‚
1883 994 1946 1038 vel
1983 996 2066 1038 vita
2096 1028 2104 1038 ·

240 1080 330 1121 ceps
363 1078 450 1119 pars
478 1063 673 1110 Senatus,
705 1055 750 1098 δε
775 1055 944 1097 Senatus
974 1065 1060 1106 pars
1087 1050 1286 1103 Principis
1309 1045 1317 1120 Ι

242 1121 483 1166 censeantur
508 1150 519 1172 ‚
552 1115 657 1173 quod
689 1111 808 1156 fimul
839 1125 888 1154 ex
921 1107 1179 1151 Senatoribus
1201 1139 1213 1161 ‚
1244 1106 1288 1149 δε

239 1179 429 1235 Principe
446 1178 689 1220 Senatorum
709 1185 792 1214 uno
812 1179 1034 1222 eorumque
1050 1164 1181 1220 capite
1195 1165 1289 1207 uni·
1310 1206 1317 1232 ὁ

241 1238 376 1281 versus
401 1236 572 1278 Senatus
603 1229 764 1284 ejusque
797 1239 939 1281 corpus
967 1233 1289 1278 componeretur
1312 1239 1317 1262 :·

1333 245 1427 299 Quo
1460 260 1510 287 ne
1529 243 1938 303 civesadigerentur,
1973 249 2103 295 siRex
2121 251 2380 308 Regniever.

1333 313 1435 345 teret
1467 302 1572 357 leges
1606 304 1788 358 publicas
1821 336 1833 358 ,
1864 320 1988 360 eum,
2018 307 2078 351 uti
2110 309 2237 352 moris
2269 308 2376 351 olim

1332 371 1416 422 erat
1441 360 1673 415 Persarum,
1706 360 1834 412 jurare
1862 364 2068 417 cogebant
2099 365 2143 409 in
2170 365 2304 421 lege83
2338 376 2381 408 ut

1331 432 1446 467 cuius
1479 417 1646 472 potestas
1679 435 1702 461 a
1736 418 1886 475 populo
1919 421 2095 465 coerceri
2116 422 2298 477 amplius
2312 437 2385 465 ne·

1332 474 1496 536 quibat,
1531 474 1610 519 sine
1642 476 1778 532 Regni
1796 477 2004 522 eversione
2024 510 2036 531 ,
2064 478 2387 530 auetoritateju-

1335 532 1547 583 risiurandi
1576 564 1588 585 ‚
1632 547 1753 589 atque
1786 534 1945 578 ultione
1975 536 2114 579 divina
2144 538 2384 581 continere-

1331 600 1399 632 tur
1432 621 1440 631 .
1484 589 1574 643 [d]
1604 591 1727 653 'Quod
1758 592 1800 634 ἃ
1839 592 1890 634 de
1922 593 2106 648 Regibus
2134 593 2383 638 nostratibus

1332 647 1497 690 testatur
1528 649 1748 699 Cujacius.
1780 649 1839 702 [e]
1874 651 1930 692 At
1964 653 2205 694 Romanum
2239 653 2378 707 Impe-

1333 717 1511 747 ratorem
1545 705 1770 749 sumentem
1808 707 1874 749 sibi
1894 740 1904 759 ‚
1934 708 2110 752 minime
2144 725 2240 751 vero
2263 708 2381 751 absu-

1334 776 1520 825 mentem
1537 763 1575 805 S⁴
1596 763 1634 826 Ρ
1653 765 1705 818 Q.
1722 766 1775 806 R,
1800 763 2076 818 majestatem3
2107 765 2135 809 si
2152 766 2386 810 abuteretur

1336 821 1549 874 Imperio,
1582 820 1732 864 licebat
1761 822 1995 878 semperque
2022 823 2171 878 licuit,
2206 822 2279 866 nisi
2295 822 2389 865 vio-

1335 876 1464 920 lentia
1495 876 1669 940 militari
1700 880 1934 923 muniretur
1968 912 1979 933 ‚
2010 880 2128 924 nulla
2161 879 2387 924 variatione

1332 935 1455 977 status
1490 935 1626 978 civilis
1653 968 1666 990 ,
1708 937 1903 993 nullaque
1944 938 2178 982 mutatione
2212 937 2389 993 Reipub.

2139 997 2232 1050 Qia
2262 994 2386 1038 toties

1330 1050 1572 1094 auctoritate
1607 1051 1720 1094 usum
1757 1053 1952 1095 Senatum
1984 1052 2156 1096 inferius
2172 1052 2386 1108 prodemus

1335 1124 1354 1151 e
1388 1108 1590 1151 memoria
1623 1125 1757 1152 rerum
1791 1110 1989 1165 gestarum
2021 1143 2034 1153 .
2070 1111 2165 1153 Ideo
2199 1111 2384 1164 Impera-

1336 1178 1423 1209 tore
1466 1165 1639 1208 creando
1666 1198 1679 1219 ‚
1725 1183 1817 1210 eum
1863 1168 1910 1209 ad
1957 1166 2170 1218 juianrliim
2202 1167 2247 1210 in
2280 1166 2386 1222 leges

1340 1239 1420 1265 non
1454 1223 1672 1278 adigebant
1703 1257 1714 1277 ,
1764 1223 1840 1277 [f]
1874 1226 1968 1280 quia
2002 1226 2161 1281 publica
2195 1225 2386 1287 potestate

244 1295 455 1351 integrum
472 1324 481 1335 .
510 1288 683 1334 Namin
699 1287 892 1329 Senatum
911 1294 1052 1336 praetei·
1068 1293 1287 1335 cognatam
1311 1275 1317 1326 ’i
1340 1281 1381 1323 'in
1418 1281 1565 1336 populo
1593 1280 1798 1324 &Senam
1821 1284 1949 1324 a-ihuc
1974 1295 2236 1335 permanente
2252 1314 2264 1334 ‚
2298 1297 2387 1325 vio-

245 1365 506 1406 veteremque
534 1345 779 1397 majestatem
816 1357 838 1384 a
884 1339 1046 1406 Tiberii
1075 1352 1286 1401 affro-con>

243 1410 404 1455 cesserat
423 1406 606 1458 majestas
626 1403 750 1446 etiam
787 1397 952 1456 populi:
981 1411 1075 1461 'quae
1099 1408 1289 1450 utrinque

246 1467 434 1524 prodiens
467 1465 510 1508 in
545 1461 712 1518 persona
747 1460 1012 1518 Imperatoria
1041 1469 1112 1508 per
1140 1453 1291 1516 Tribu-

249 1524 401 1569 nitiam
451 1521 692 1578 potestatem
745 1516 788 1558 ἃ
830 1516 1290 1575 Senatoriumprinci·

249 1596 391 1640 patum
432 1580 491 1625 ita
533 1573 838 1633 exprimebatur
872 1602 885 1624 ,
934 1582 984 1634 *ut
1039 1569 1292 1611 derivaretur

249 1640 412 1697 quidem
447 1638 490 1681 in
521 1635 749 1683 Caesarem3
781 1632 830 1673 ab
862 1628 991 1671 radice
1024 1638 1162 1668 tamen
1199 1625 1291 1679 sua,

243 1712 394 1754 nempe
424 1696 474 1740 ab
501 1694 654 1737 Senatu
686 1702 896 1745 nunquam
927 1683 1176 1729 avelleretur
1197 1713 1207 1724 .

436 1803 877 1853 CAPUT
991 1801 1117 1845 XIX.

369 1927 441 1972 De
471 1923 699 1981 discrimine
731 1923 832 1964 inter
862 1917 1073 1975 Imperium
1103 1914 1159 1960 (T

667 1981 878 2037 Regnum.

306 2102 350 2145 D
378 2099 493 2145 enim
527 2095 715 2141 interfuit
732 2095 778 2138 Ρ.
794 2096 846 2137 R.
870 2093 1168 2147 Imperatorem
1185 2106 1296 2135 crea-

337 2174 378 2202 re
392 2190 404 2211 ‚
434 2172 524 2201 non
540 2159 695 2212 Regem
711 2185 724 2206 ‚
755 2149 861 2208 quod
887 2151 1119 2204 Imperator
1134 2149 1294 2192 deduci-

254 2229 352 2270 tur3
377 2218 468 2258 Rex
493 2230 588 2258 vero
608 2209 806 2255 abducita
829 2206 978 2262 populo
994 2207 1212 2262 susceptam
1229 2205 1294 2249 sibi

255 2272 531 2325 maiestatem.
564 2271 677 2312 Cum
697 2268 811 2312 enim
836 2267 927 2307 Rex
946 2278 1135 2318 creatur,
1170 2264 1297 2319 [qua-

253 2330 305 2375 lis
330 2331 537 2374 creabatur
562 2325 665 2382 apud
688 2326 877 2368 barbaros
892 2353 904 2375 ‚
930 2337 1107 2377 qnorum
1126 2322 1206 2365 vile
1223 2321 1295 2364 ser-

253 2388 404 2432 vitium
427 2385 607 2430 Romani
632 2382 946 2432 aversabantur,
971 2380 993 2432 J
1019 2379 1061 2422 in
1086 2395 1180 2423 eum
1200 2395 1298 2422 om-

253 2446 320 2490 nis
343 2443 484 2501 populi
513 2442 678 2498 potestas
693 2472 706 2492 ‚
731 2439 779 2483 δι
801 2437 991 2481 voluntas
1017 2437 1177 2493 publica
1190 2437 1298 2480 reela

253 2502 503 2548 confertur:
548 2499 601 2543 est
631 2497 742 2542 enirn
776 2528 789 2549 ,
833 2496 896 2538 uti
926 2497 1021 2537 Rex
1053 2495 1262 2538 Persarum
1285 2526 1297 2547 ‚

252 2560 483 2609 αυτοκρατίς
512 2555 577 2598 καί
610 2552 840 2596 ανυτέυἲυισς
861 2586 872 2605 ‚
902 2565 949 2596 ut
980 2552 1212 2608 principem
1245 2551 1294 2595 il-

250 2615 339 2661 lum
372 2615 433 2667 jus
449 2613 585 2677 fasque
602 2611 843 2669 quandoque
871 2610 1176 2666 perturbantem
1197 2642 1209 2664 ,
1241 2609 1298 2653 vi·

251 2687 419 2730 tamque
446 2671 628 2715 aliorum
659 2669 701 2712 ὅ(
733 2667 838 2710 bona
870 2668 1096 2723 rapientem
1117 2700 1131 2722 ‚
1161 2667 1189 2710 fi
1223 2683 1296 2722 po·

249 2731 368 2787 pulus
398 2729 544 2774 tollere
587 2738 783 2778 conetur,
815 2737 984 2780 cogatur
997 2725 1163 2769 civilem
1181 2740 1296 2769 ever-

247 2800 336 2834 tere
364 2788 540 2841 statum,
566 2785 615 2829 &
645 2782 856 2842 publicam
877 2795 1133 2827 commutare
1150 2782 1298 2828 volun-

333 3076 373 3117 α)
395 3078 418 3109 1.
440 3075 469 3107 8.
492 3077 527 3106 C.
541 3074 577 3107 de
596 3070 722 3114 dignh.

344 3121 394 3205 b3)
416 3123 438 3153 1.
457 3120 587 3162 quisque
605 3116 643 3162 ff.
660 3117 701 3150 ad
714 3115 822 3156 1.]u1.
837 3113 960 3156 majest.

344 3179 359 3200 c

342 3212 392 3252 δ)

311 3078 332 3118 (

308 3124 332 3208 ἓ
416 3164 503 3198 differ
518 3165 650 3196 Navali.
669 3168 722 3194 62.

308 3216 328 3254 ί

416 3211 491 3244 vide
514 3210 610 3243 Grot-
634 3206 672 3242 de
696 3203 1003 3250 iur.belli&pac1's
1022 3205 1080 3243 lib.
1100 3216 1127 3242 1.
1143 3184 1315 3248 eamr.-

1339 1338 1512 1381 lentiam
1545 1351 1725 1382 avertere
1758 1339 1906 1382 licebat
1941 1339 2047 1382 illins
2069 1373 2078 1382 .
2112 1342 2306 1395 Regnum
2323 1339 2392 1382 ni-

1314 1398 1492 1438 ·rnirum
1528 1397 1675 1450 Remp.
1711 1409 1840 1438 totam
1872 1396 2060 1440 exhaurit
2097 1429 2109 1450 ‚
2142 1398 2184 1440 ἃ
2216 1412 2310 1440 cum
2342 1411 2389 1441 ea

1313 1452 1590 1502 imajestatem
1629 1454 1856 1497 universam
1893 1454 2082 1498 transfert
2109 1455 2153 1496 in
2171 1452 2386 1508 personam

1341 1512 1494 1564 unius,
1521 1523 1596 1556 aut
1628 1510 1891 1554 successorum
1922 1528 1930 1553 :
1965 1528 2046 1568 quo
2082 1511 2144 1555 vel
2180 1511 2290 1564 solo,
2322 1510 2388 1555 vel

1340 1584 1434 1611 curn
1465 1567 1721 1623 posteritate,
1756 1569 1780 1610 si
1808 1570 2002 1624 Regnum
2019 1568 2064 1612 fit
2081 1568 2389 1622 hereditarium,

1339 1625 1481 1682 populi
1522 1626 1716 1669 seditione
1760 1625 1956 1680 sublato,
2001 1627 2170 1670 solvitur
2217 1625 2386 1681 potestas

1341 1685 1504 1739 publica
1536 1715 1548 1737 ,
1578 1699 1666 1740 quae
1695 1684 1739 1726 in
1768 1698 1912 1727 eorum
1951 1683 2117 1739 persona
2151 1684 2391 1737 coaluerat;

1340 1741 1415 1785 nisi
1450 1741 1572 1784 civile
1604 1743 1790 1793 regimen
1822 1757 1872 1785 ex
1906 1742 2072 1798 integro
2106 1757 2211 1784 nova
2246 1740 2385 1797 populi

1344 1799 1560 1843 voluntate
1591 1799 1824 1841 restituatur
1845 1830 1860 1841 ⁴
1895 1800 2124 1843 Imperium
2159 1813 2301 1842 contra
2332 1798 2387 1842 est

1344 1858 1534 1901 cumulus
1563 1857 1871 1912 magistratuum
1901 1874 1924 1899 e
1943 1856 2173 1912 ‘Republica
2187 1870 2310 1911 penes
2323 1859 2394 1899 Se·

1343 1929 1487 1959 natum
1535 1914 1818 1971 populumque
1858 1915 1992 1959 locata
2034 1917 2301 1959 continenter
2342 1912 2389 1956 in

1341 1973 1576 2028 Principem
1604 1972 1933 2023 confluentium3
1963 1987 2006 2016 ut
2030 1973 2183 2017 sublato
2202 1976 2389 2027 Impera-

1341 2044 1433 2075 tore
1450 2064 1461 2084 ‚
1494 2031 1558 2074 vel
1578 2030 1757 2086 Imperio
1773 2062 1785 2084 ,
1809 2029 1898 2081 jura
1924 2029 2229 2088 magistratuum
2245 2034 2390 2072 eorum

1345 2088 1520 2132 refluant
1546 2089 1597 2132 ad
1618 2092 1768 2143 Remp.
1803 2104 1931 2144 neque
1956 2091 2207 2145 Imperatore
2220 2088 2392 2130 damna-

1346 2159 1388 2190 to
1416 2164 1441 2190 a
1479 2147 1639 2202 proprio
1669 2146 1772 2188 flatu
1805 2146 2074 2190 discedentem
2094 2179 2106 2201 ‚
2139 2160 2269 2201 neque
2300 2145 2393 2188 Im-

1347 2205 1458 2261 perio
1491 2203 1563 2247 illo
1595 2204 1918 2247 extraordinario
1952 2204 2089 2248 evulso
2123 2215 2389 2258 pereuntem,

1343 2262 1407 2306 sed
1440 2263 1482 2306 in
1508 2263 1665 2306 Senatu
1697 2262 1738 2304 &
1773 2262 1815 2303 in
1848 2262 2062 2305 ordinariis
2090 2260 2390 2315 magistratibus

1345 2335 1538 2377 perpetuo
1579 2333 1893 2375 permanentem
1921 2351 1930 2362 .
1978 2322 2078 2362 Non
2130 2320 2229 2362 bene
2263 2317 2388 2373 igitur

1344 2381 1458 2423 Dion
1489 2377 1763 2432 assequebatur
1798 2377 1950 2420 sensum
1977 2376 2244 2419 dominatoris
2261 2390 2390 2430 popu-

1343 2437 1405 2491 li,
1436 2437 1596 2493 quando
1626 2435 1857 2479 mirabatur
1886 2434 2089 2489 Populum
2117 2436 2387 2486 Romanum,

1345 2512 1439 2540 curn
1474 2493 1652 2550 Regiam
1683 2491 1922 2548 potestatem
1955 2507 2027 2546 ,per
2055 2490 2389 2546 totmagistratus

1349 2552 1592 2610 Imperatori
1625 2548 1882 2600 contulisset,
1914 2549 2094 2592 exultare
2125 2561 2262 2591 tamen
2277 2547 2387 2604 quod

1345 2614 1505 2668 Regem
1539 2625 1622 2653 non
1652 2608 1776 2652 ferret
1805 2638 1816 2651 .
1848 2607 2069 2649 Nimirum
2101 2607 2290 2662 quamvis
2320 2606 2391 2648 Se-

1343 2682 1465 2712 nator
1491 2667 1586 2711 esset
1619 2667 1731 2709 Dion
1757 2697 1771 2719 ,
1807 2663 2054 2720 *graeciffabat
2096 2677 2235 2707 tamen
2262 2695 2275 2718 ,
2320 2678 2393 2706 ne-

1343 2743 1421 2783 que
1452 2739 1539 2769 tarn
1575 2725 1673 2768 serio
1698 2756 1711 2776 ‚
1751 2739 1799 2767 ac
1839 2721 2011 2778 populus
2043 2724 2258 2767 Romanus
2283 2751 2297 2775 ,
2326 2719 2390 2763 di-

1348 2784 1521 2830 scrimen
1567 2781 1823 2839 expendebat
1866 2780 1978 2825 inter
2009 2782 2171 2837 Regem
2198 2776 2389 2841 &Aegia

2258 2847 2388 2892 'pote-

2064 2971 2387 2982 -ι-----

1772 2977 1849 2988 -ιι

1348 3073 1408 3151 δ’(
1424 3073 1471 3112 ε)
1493 3073 1535 3105 ad
1558 3074 1583 3106 Ι.
1603 3081 1629 3111 3.
1648 3081 1750 3105 enarr.
1766 3072 1801 3103 c.
1818 3070 1856 3103 de
1878 3066 2000 3109 testam.
2028 3065 2067 3098 <9¹
2081 3063 2225 3109 quemad.
2255 3058 2321 3103 refi-
2334 3068 2383 3093 nr-

1370 3129 1503 3151 tnenssur
1516 3139 1525 3149 ο

1391 3167 1409 3206 c
1416 3165 1443 3208 f
1452 3165 1471 3205 )
1496 3162 1610 3203 cujac.
1635 3162 1688 3206 ad,
1703 3162 1863 3204 a.1e,g..ex
1876 3156 1977 3193 Plinii
1991 3159 2116 3200 paneg.
