2451 3470
235 144 311 202 74
731 124 781 195 J·
856 120 924 173 V·

1044 115 1897 176 GRAVINAE

242 204 387 264 juno„
437 195 502 247 vel
534 206 578 241 ut
608 195 767 240 Venus
797 191 1019 238 amatorios
1053 190 1190 242 lusus,
1226 190 1288 234 vel
1339 196 1393 239 les
1441 195 1589 240 tractus
1637 194 1787 241 vi‘eirix
1831 195 2015 250 potentia
2046 208 2114 245 tua
2147 199 2273 245 libere
2303 213 2393 247 vae?

234 262 503 305 venationem
535 267 578 299 ut
611 254 787 306 Diana,
819 252 882 296 vel
915 248 1289 293 utMinervalani-

234 318 376 362 ficium
404 347 417 369 ,
462 313 524 357 vel
557 323 600 355 ut
638 311 855 354 Vulcanus
888 307 975 350 aeris
1007 305 1184 360 ferrique
1217 321 1284 349 cu-

234 374 353 419 dendi
389 370 740 423 metallorumque
761 366 1048 409 solvendorum
1066 362 1256 418 peritiam
1273 394 1285 415 ,

239 432 303 476 vel
341 429 561 474 melodi-am
592 425 635 468 ’δε
671 424 848 468 Poefiam
878 422 921 464 &
953 421 1213 463 Medicinam
1242 433 1285 463 ut

242 488 401 546 Apollo
446 483 715 542 aperuerint,
757 479 823 522 vel
855 478 1021 521 demum
1055 477 1160 532 quod
1195 475 1284 520 lon-

243 546 408 604 ginquis
453 537 847 601 peregrinationibus
875 534 1284 590 expeditionibusque

242 598 430 659 susceptis
445 633 457 655 ,
490 596 795 644 immanitatem
815 609 836 637 e
859 592 1038 636 moribus
1061 591 1282 634 hominum

243 661 485 711 evenerint,
519 655 668 709 suisque
695 650 899 694 laboribus
930 649 1117 692 iocorum
1137 649 1279 690 &ani-

242 733 409 763 morum
450 712 705 769 asperitatem
736 707 998 752 edomuerint
1024 738 1037 760 ,
1066 718 1128 762 ¹ut
1162 721 1279 748 mon-

247 777 450 827 strorum,
484 773 561 815 five
595 767 792 811 vitiorum
823 764 1047 809 debellator
1078 762 1279 806 Hercules

245 833 348 877 Afer
379 832 421 875 ὅ(
451 829 557 884 ipse,
588 825 658 882 qui
690 824 866 879 regionis
896 822 1007 865 illius
1042 822 1086 864 in
1117 836 1188 864 ora
1215 836 1283 863 co—

248 890 402 937 lumnis
423 885 648 942 impositis,
679 895 835 934 terras,
867 895 965 936 quas
981 878 1169 931 obierat,
1192 892 1283 919 om-

247 963 317 991 nes
348 949 516 989 Oceano
547 937 846 984 disterminavit
871 968 882 980 .
933 935 1070 988 Hujus
1098 935 1284 978 imitato-

247 1020 306 1049 res
338 1017 503 1047 morum
534 998 669 1042 Graeci
700 996 803 1042 duo,
843 995 958 1038 rebus
985 993 1150 1051 quidem
1170 991 1285 1046 gestis

246 1062 289 1106 &
323 1062 472 1104 virtute
502 1057 709 1107 minores,
742 1068 883 1096 verum
916 1053 968 1095 ob
1001 1049 1279 1100 recentiorum

248 1119 477 1163 faeinorum
511 1113 757 1159 memoriam
782 1141 796 1163 ,
827 1111 1151 1164 Graecorumque
1186 1107 1285 1148 Poe-

248 1189 382 1222 tarum
413 1174 538 1218 studia
570 1171 776 1221 notiores,
809 1167 920 1211 illius
951 1167 994 1210 ἃ
1026 1179 1179 1209 nomen
1214 1162 1284 1205 fibi

247 1234 294 1279 δί
325 1234 459 1278 laudes
491 1231 762 1286 usurparunt:
795 1240 971 1281 quorum
1000 1222 1108 1267 alter
1139 1220 1286 1264 bellica

250 1292 405 1336 virtute
447 1290 596 1332 florens
628 1284 753 1328 ‘ludos
800 1281 977 1325 instituit
1008 1278 1253 1335 Olympicos
1273 1308 1286 1330 ,

254 1349 375 1402 alter,
408 1346 591 1402 Imperio
623 1339 834 1394 Eurysthei
871 1339 1051 1393 pluribus
1086 1334 1287 1380 discrimi-

249 1406 369 1452 nibus
413 1403 638 1459 superatis,
687 1396 830 1452 Lybici
874 1395 1065 1440 Herculis
1097 1393 1287 1447 exemplo

254 1462 460 1510 columnis
490 1471 722 1504 extremum
757 1456 929 1508 Europae
957 1453 1171 1496 definivit.

306 1522 377 1564 Tu
411 1534 506 1564 vero
532 1549 544 1571 ,
576 1514 722 1573 quovis
755 1511 934 1555 Hercule
968 1510 1198 1560 valentior,
1230 1505 1286 1549 fe—

245 1578 477 1624 -rociffimos
519 1576 626 1619 inter
666 1573 869 1614 Sarmatas
893 1600 908 1621 ,
939 1580 1163 1627 utcumque
1194 1576 1287 1606 ante

249 1648 292 1680 te
335 1632 571 1679 recentioris
611 1627 831 1683 disciplinae
877 1626 1045 1669 rudes-ta
1078 1621 1289 1681 praecipuis

254 1693 299 1738 &
342 1689 638 1748 antiquioribus
677 1685 904 1729 vastiffimae
948 1683 1120 1727 ditionis
1148 1679 1288 1725 aueto—

249 1751 359 1794 ribus
389 1759 553 1794 exortus
579 1778 592 1800 ‚
641 1759 734 1789 cum
770 1743 841 1786 vix
873 1741 971 1784 dum
1002 1741 1047 1783 in
1080 1753 1192 1783 tuam
1224 1749 1286 1779 tu-

248 1808 376 1852 telam
401 1804 575 1850 ‘venisses
607 1800 857 1856 Populorum
889 1811 1001 1841 tutor
1030 1810 1187 1841 creatus
1209 1795 1292 1838 im-

257 1865 418 1920 perium
454 1859 645 1916 suscepisti
672 1889 684 1912 ,
725 1856 976 1901 discriminis
1007 1855 1119 1898 inter
1151 1853 1291 1896 Afiam

250 1923 296 1967 δί
328 1923 537 1975 Europam
570 1919 763 1974 ignarum
796 1947 808 1968 ‚
839 1913 1135 1968 impatiensque
1167 1923 1292 1955 terre-

252 1980 393 2024 strium
424 1981 468 2022 &
500 1977 806 2020 maritimorum
827 1973 1000 2014 finium.
1035 1968 1188 2026 Quain
1207 1967 1292 2011 'sor-

259 2050 360 2081 tuna
391 2047 554 2080 aetatem
569 2031 781 2089 prudentia
794 2062 806 2083 ‚
838 2029 1009 2093 ingenio
1024 2042 1161 2071 rerum
1178 2026 1293 2070 usum

259 2108 522 2138 antevertens
547 2122 558 2142 ‚
593 2088 795 2134 vincendo
844 2087 1037 2130 dimicare
1071 2100 1139 2140 per
1171 2084 1296 2128 caedes

256 2152 301 2196 δι
342 2152 485 2206 strages
510 2147 707 2192 -hostium
739 2143 912 2188 didicisti
939 2159 950 2196 3
992 2155 1113 2199 atque
1144 2143 1190 2186 viri
1221 2142 1296 2185 As-

259 2209 346 2253 sofii
376 2205 680 2264 expugnatione
715 2203 781 2246 sub
812 2202 1034 2245 Germanis
1065 2200 1230 2243 ducibus
1247 2199 1295 2242 ad

199 2304 205 2311 ,
255 2277 330 2310 tua
361 2264 469 2320 figna
500 2258 1294 2308 venientibusinterCimmeriasMoeo-

263 2323 440 2379 ticasque
489 2335 645 2378 pugnas
671 2350 684 2373 ,
728 2317 914 2373 interque
945 2315 1179 2371 triumphos
1211 2313 1296 2370 pai-

256 2380 425 2435 masque
469 2391 555 2421 tuas
588 2391 703 2419 novae
735 2374 897 2418 militiae
928 2373 1132 2428 tyrocinia
1165 2374 1296 2428 Popu-

606 2433 781 2478 Talibus
823 2430 954 2475 clarus
986 2431 1135 2488 proeliis
1167 2462 1179 2484 ,
1212 2444 1297 2473 non

260 2493 387 2539 modo
431 2491 685 2537 circumfusis
721 2488 874 2533 ditioni
925 2501 1002 2532 tuae
1031 2487 1192 2544 Scythis
1215 2518 1228 2541 ‚
1275 2503 1299 2531 a

245 2552 409 2609 “quibus
436 2549 710 2594 Moschorum
739 2545 961 2601 imperium
993 2548 1172 2603 graviter
1203 2560 1301 2601 prae-

263 2609 459 2653 mebatur
492 2637 507 2661 ‚
534 2618 792 2663 quorumque
826 2603 1121 2647 incursionibus
1153 2602 1302 2646 lacera-

261 2666 412 2718 batur,
445 2664 488 2708 &
519 2662 699 2720 rapinis,
733 2660 956 2715 praedarum
988 2659 1199 2704 licentiam
1222 2660 1303 2703 eri-

260 2723 415 2778 puisti3
454 2720 513 2765 sed
545 2721 703 2764 eosdem
735 2733 834 2773 agro
857 2716 1080 2768 multatos,
1113 2733 1158 2761 ac
1175 2717 1306 2774 supre-

262 2797 335 2825 ma
378 2778 664 2822 dominatione
697 2775 884 2831 spoliatos
916 2775 1012 2818 adeo
1044 2775 1268 2819 contrivisti
1292 2805 1307 2827 ‚

262 2436 313 2482 lis
354 2435 526 2479 tribuisti
555 2467 564 2478 .

1335 265 1452 309 gatur
1477 270 1486 295 z
1535 268 1664 308 neque
1691 252 1774 299 alia
1805 255 1991 307 potentia
2021 271 2231 303 coercetur
2253 287 2266 310 ,
2297 254 2373 297 nist

1333 311 1635 354 elementorum
1664 310 1711 353 ἃ
1740 322 1924 364 naturae,
1951 321 2043 367 quae
2074 315 2266 360 absumtis
2289 310 2376 363 jam

1336 367 1527 411 humanis
1560 367 1712 410 viribus
1741 399 1754 420 ,
1799 367 1906 410 nihil
1939 371 2063 414 armis
2096 385 2158 416 tus
2191 370 2378 415 invenire

1337 425 1797 480 potuit-opponendum
1825 456 1837 476 ‚
1894 424 1966 467 nisi
1998 427 2216 481 glacialem
2247 429 2380 470 Ocea-

1336 498 1438 525 num
1481 481 1525 524 &
1569 481 1752 524 divinam
1787 481 1910 535 ipsam
1948 484 2204 531 voluntatem
2233 519 2244 540 ‚
2289 496 2378 540 quae

1337 554 1424 582 non
1459 538 1612 594 patitur
1644 538 1951 584 universitatem
1986 555 2122 586 rerum
2152 560 2175 588 a
2207 537 2374 587 mortali

1338 597 1528 652 potestate
1563 595 1734 650 superari
1759 598 1767 638 ’.

1399 655 1546 708 Neque
1587 665 1802 696 contentus
1843 652 1972 696 armis
2003 657 2204 703 debellare
2235 655 2377 703 ferita-

1336 723 1416 754 tem
1434 742 1445 764 ,
1479 709 1666 752 vistorias
1697 725 1839 753 omnes
1859 712 1900 754 in
1919 711 2118 758 metarum
2135 717 2259 760 etiam
2272 728 2373 771 gen-⁴

1334 769 1439 810 tium
1471 768 1736 810 commodum
1769 781 2036 822 convertens,
2067 788 2160 816 eam
2189 774 2295 828 pacis
2309 786 2375 814 ar-

1334 824 1440 868 tibus
1481 825 1639 867 conaris
1669 824 1906 878 extinguere
1937 857 1946 868 .
1992 830 2272 883 Quamobrem
2306 826 2379 879 si,

1333 897 1434 940 quos
1467 881 1788 926 memoravimus
1814 913 1829 936 ,
1866 883 1933 926 Dii
1962 883 2230 930 delirantium
2263 883 2372 930 anti-

1331 955 1508 996 quorum
1522 970 1537 991 ,
1566 938 1674 995 quod
1688 953 1757 993 per
1775 938 2072 985 seiin‘venerant
2086 975 2098 997 ,
2114 956 2185 987 aut
2203 960 2226 988 e
2243 940 2370 987 natali

1337 997 1418 1041 solo
1450 1008 1685 1048 traxerant,
1719 994 1783 1038 vel
1816 995 2072 1050 ampliarunt
2102 1001 2211 1044 inter
2236 1000 2378 1055 cives,

1337 1055 1397 1098 vel
1442 1053 1594 1097 exteris
1639 1052 1993 1108 contribuerunt3
2037 1069 2083 1099 tu
2126 1073 2210 1100 non
2246 1057 2380 1101 solum

1336 1125 1494 1168 partam
1547 1122 1688 1165 tuopte
1732 1108 1905 1164 ingenio
1951 1111 2254 1159 humanitatem
2284 1128 2380 1170 pro-

1333 1171 1500 1226 prioque
1546 1169 1685 1211 Marte
1726 1166 2001 1212 suborientem
2051 1172 2286 1227 aequitatem
2320 1170 2377 1214 se·

1336 1227 1446 1270 ruisti
1492 1225 1648 1281 primus
1688 1223 1800 1267 inter
1843 1235 1933 1267 tuos
1964 1241 1977 1279 3
2010 1226 2068 1270 sed
2104 1228 2215 1285 supra
2248 1225 2379 1280 majo·

1335 1300 1425 1327 rum
1457 1283 1570 1326 ausus
1602 1313 1613 1335 ‚
1647 1293 1871 1337 contraque
1904 1284 2145 1328 mortalium
2181 1285 2376 1329 omnium

1338 1342 1456 1386 fidem
1491 1339 1702 1395 perrupisti
1737 1338 1837 1381 solus
1871 1341 1985 1394 regni
2018 1340 2125 1398 leges
2147 1341 2376 1398 inhospita-

1338 1399 1419 1452 les,
1451 1413 1497 1440 ac
1530 1396 1680 1439 dimisti
1705 1397 2014 1440 munimentum
2031 1399 2252 1452 barbariae,
2286 1412 2380 1443 mu-

1339 1470 1508 1511 rumque
1541 1454 1661 1496 illum
1693 1452 1891 1507 dejecisti,
1923 1455 1991 1510 qui
2027 1457 2161 1500 civilis
2182 1458 2300 1501 status
2321 1455 2381 1499 fe-

1338 1513 1538 1557 licitatem
1566 1528 1586 1554 a
1611 1512 1691 1554 tuis
1721 1510 1883 1565 Populis
1898 1512 2235 1564 procularcebat.
2270 1513 2382 1557 Post-

1335 1586 1461 1629 quam
1494 1583 1630 1614 autem
1665 1567 1839 1611 disclusis
1872 1569 2050 1613 tenebris
2082 1570 2221 1615 lumen
2254 1571 2376 1615 urba-

1341 1629 1481 1673 nitatis
1514 1628 1558 1670 in
1586 1639 1646 1670 tot
1667 1626 1853 1670 nationes
1870 1625 2150 1679 intromisisti,
2181 1628 2378 1672 omnium

1338 1688 1495 1742 stupore
1523 1716 1536 1738 ,
1580 1682 1736 1727 invitia
1776 1683 2003 1726 constantia
2029 1716 2041 1738 ,
2085 1685 2192 1730 nihil
2228 1686 2380 1730 veritus

1338 1745 1383 1788 in
1425 1741 1603 1786 absentia
1650 1754 1717 1785 tua
1769 1741 2015 1795 perfidorum
2058 1742 2217 1786 infidias
2248 1775 2260 1796 ,
2293 1757 2384 1799 quae

1338 1817 1380 1845 te
1411 1800 1581 1844 celerius
1613 1800 1656 1842 in
1687 1812 1864 1854 regnum
1897 1812 2166 1853 revocarunt,
2199 1810 2242 1843 ut
2275 1800 2385 1843 bona

1343 1857 1593 1913 Populorum
1625 1855 1801 1899 aliorum
1828 1854 1980 1898 ducens
2012 1857 2059 1898 ad
2089 1870 2181 1900 tuos
2214 1890 2225 1909 ‚
2259 1856 2379 1900 nullo

1340 1915 1474 1960 adhuc
1504 1914 1776 1958 Moschorum
1808 1913 1971 1969 Regum
2002 1914 2190 1969 exemplo
2214 1914 2384 1970 longin-

1338 1988 1465 2031 quam
1495 1972 1624 2024 adeo,
1658 1970 1863 2027 iatamque
1897 1971 2270 2026 peregrinationem
2305 1971 2381 2015 sus-

1344 2030 1480 2086 cepisti
1507 2061 1522 2084 ‚
1566 2041 1612 2087 ut
1653 2044 1724 2086 per
1765 2028 2038 2072 Germaniam
2069 2061 2082 2082 ,
2130 2029 2342 2073 Bataviam
2366 2060 2384 2081 ‚

1347 2086 1643 2140 Britanniam,
1687 2098 1997 2141 extremamque
2044 2086 2208 2130 Italiam
2242 2102 2386 2141 perva-

1342 2158 1460 2202 gatus
1491 2159 1588 2199 opes
1615 2175 1628 2197 ,
1660 2160 1707 2187 ac
1739 2143 1943 2186 thesauros
1975 2159 2118 2187 ornnes
2145 2176 2156 2194 ,
2191 2143 2266 2186 five
2300 2143 2386 2186 mi-

1350 2202 1480 2246 litaris
1510 2202 1632 2254 artis,
1665 2201 1743 2245 sive
1770 2199 1967 2243 doetrinae
1990 2201 2196 2254 syderum,
2228 2201 2387 2244 &ven-

1347 2274 1486 2304 torum
1512 2290 1528 2313 ,
1563 2259 1640 2302 five
1672 2257 1849 2303 scientiae
1879 2257 2105 2311 naturalis,
2140 2258 2214 2300 five
2249 2257 2387 2301 Medi-

1343 2318 1478 2372 cinae,
1510 2316 1589 2360 five
1621 2316 1796 2359 Moralis
1829 2315 2063 2368 Do&rinae,
2098 2315 2173 2358 sive
2209 2314 2387 2371 Lingua-

1344 2391 1438 2419 rum
1460 2406 1471 2428 ‚
1503 2373 1546 2417 &
1579 2375 1730 2417 Graecae
1764 2374 1998 2428 Latinaeque
2031 2371 2310 2427 Antiquitatis
2341 2372 2384 2416 8(

1319 2431 1631 2488 5E10quentiae‚
1663 2448 1709 2475 ac
1742 2430 1904 2473 tandem
1935 2428 2127 2485 quidquid
2160 2429 2202 2471 in
2235 2429 2302 2472 via
2334 2428 2390 2472 ti-

1348 2490 1390 2534 bi
1432 2489 1660 2546 elegantius
1703 2498 1966 2539 occurrerat,
2006 2500 2078 2530 aut
2110 2486 2233 2528 fando
2262 2500 2382 2530 tuam

1347 2548 1399 2591 ad
1438 2546 1631 2589 notitiam
1672 2544 1905 2601 perveniret
1930 2574 1943 2596 ,
1987 2543 2032 2586 in
2065 2558 2236 2597 regnum
2267 2556 2387 2587 tuum

1352 2604 1585 2647 transferres
1637 2618 1704 2657 per
1749 2600 1959 2656 peritiores
2003 2600 2280 2644 dominarum
2323 2616 2389 2643 ar-

1349 2662 1539 2718 tiumque
1569 2671 1837 2715 praeceptores
1859 2690 1871 2710 ,
1919 2657 1962 2700 ὃς
1993 2673 2128 2701 rerum
2178 2658 2382 2710 artifice53

1354 2734 1453 2774 quos
1502 2717 1735 2773 ingentibus
1767 2714 1940 2771 praemiis
1972 2715 2190 2758 conduS‘tos
2222 2715 2269 2757 ad
2300 2713 2393 2758 cul-

1329 2788 1445 2829 {tum
1487 2773 1732 2830 populorum
1763 2805 1778 2828 ,
1825 2773 1870 2817 δε
1915 2773 2076 2828 imperii
2118 2772 2179 2814 tui
2213 2771 2391 2828 gloriam

263 2850 310 2882 ut
332 2851 466 2893 *regna
497 2835 570 2878 illa
601 2866 617 2889 ,
644 2847 735 2891 ‘quae
764 2830 961 2875 Moschos
1002 2831 1194 2875 civilibus
1234 2830 1307 2874 dis·
1328 2838 1334 2877 ξ
1354 2845 1492 2876 tecum
1534 2830 1701 2874 avexisti
1730 2863 1742 2885 ,
1790 2842 1990 2885 tanquam
2035 2829 2210 2884 publicae
2256 2827 2389 2872 felici-

269 2895 419 2950 cordiis
469 2891 656 2944 fraitos,
698 2888 916 2945 veetigales
947 2888 1089 2933 fundos
1122 2889 1206 2931 sore
1239 2888 1308 2931 fibi

272 2951 486 3004 sperabant
513 2981 524 3002 ,
557 2949 605 2992 ad
636 2947 822 3003 ingentia
851 2946 1006 2989 tributa
1036 2944 1308 3002 compuleris.

271 3009 357 3053 illis
387 3023 485 3051 vero
516 3006 690 3060 imperio
722 3002 911 3057 adieS‘tis,
942 3004 985 3046 &
1015 3005 1208 3047 omnibus
1227 3001 1308 3054 jam

273 3067 323 3111 ad
355 3064 537 3109 nominis
569 3063 626 3105 tui
659 3075 852 3106 terrorem
885 3073 998 3114 terga
1033 3060 1310 3115 vertentibus,

271 3139 345 3180 per
376 3123 537 3178 ignotos
568 3122 769 3177 Europae,
805 3117 982 3175 Afiaeque
1018 3118 1312 3176 septentriona-

1330 2881 1335 2903 9

1326 3040 1681 3200 lintercipiebat:
1714 3061 1814 3104 >adeo
1845 3071 1890 3103 ut
1922 3058 2099 3102 monstra
2131 3070 2245 3100 tanto
2277 3057 2395 3112 plura

1359 2890 1452 2932 tatis
1492 2888 1699 2932 ministros
1727 2920 1743 2943 ,
1785 2888 1899 2932 brevi
1943 2899 2080 2931 tecum
2113 2885 2392 2941 triumphatu-

1361 2962 1424 2990 ros
1467 2946 1514 2990 de
1557 2945 1830 3001 ignorantia,
1878 2959 1965 3002 quae
2008 2943 2170 2997 Populis
2212 2944 2290 2987 tuis
2323 2959 2394 2997 pa-

1359 3004 1415 3047 cis
1456 3001 1642 3055 fru&us‚
1684 3003 1729 3047 &
1770 3002 1975 3058 prosperos
2014 3000 2218 3044 bellorum
2254 3001 2390 3044 exitus

1362 3132 1407 3164 tu
1450 3117 1646 3164 sustuleris
1670 3149 1683 3173 ,
1725 3116 1975 3165 acrmeliora
2005 3115 2202 3173 pepereris
2222 3127 2396 3215 ²'giam

2315 3186 2398 3215 um
