2451 3470
543 100 923 155 LIBER
1005 93 1857 153 SINGULARIS.

138 174 236 219 {deo
268 173 295 217 s1
326 173 471 230 quibus
494 190 612 219 extra
642 175 806 219 Italiam
831 174 990 231 populis
1012 174 1182 236 capitis,

135 233 180 275 &
214 230 284 275 soli
317 232 607 276 concederetur
640 233 881 276 immunitas
903 264 917 285 ,
949 230 997 275 iis
1016 246 1075 281 jus
1098 233 1182 273 lta-

138 288 267 333 licum
301 289 503 332 tributum
537 291 744 333 dicebatur
767 322 780 342 ,
812 289 917 344 quod
950 303 997 330 ea
1018 287 1182 350 ii-berta-

140 359 182 390 te
213 346 292 388 sola
319 346 472 396 Italia,
505 362 591 390 non
623 363 719 390 vero
752 348 944 389 nationes
975 343 1064 386 aliae
1095 359 1179 395 J-ure

141 404 210 445 suo
241 402 461 456 gauderent
497 420 509 458 3
560 404 621 447 sed
653 403 877 459 largitione
909 402 1080 444 Senatus
1111 412 1181 463 aut

139 459 342 502 Caesaris.
389 463 490 515 Quoe
522 461 668 503 manfit
701 476 748 503 ex
781 459 1041 502 coloniarum
1073 469 1187 500 notis

144 532 225 559 una
273 517 355 570 post
390 516 447 567 jus
480 517 708 571 Quiritium
742 516 891 572 ubique
927 514 1136 570 profusum
1157 546 1189 578 ι,

142 575 208 626 (a)
254 586 300 616 ut
330 574 505 618 deduetae
536 574 710 617 coioniae
745 573 806 616 vel
842 572 1045 616 tributum
1078 587 1186 626 capi-

142 629 197 673 tis
228 629 271 673 8(
306 631 376 674 soli
410 631 681 684 sustinerent3
727 630 791 674 vel
826 629 923 672 iilud
960 661 972 682 ‚
1017 640 1187 684 accepto

142 687 398 730 nominatim
431 686 514 738 jure
550 687 698 729 Italico
727 718 739 739 ,
784 687 853 729 srbi
895 697 1138 730 excuterent
1178 716 1187 727 .

143 744 263 798 Quod
308 744 567 787 coloniarum
603 747 893 786 Romanarum
925 754 1010 784 erat
1041 742 1090 785 ab
1121 757 1187 784 ur-

143 801 190 843 be
237 803 372 843 Roma
414 799 630 843 discrimen
662 815 683 842 e
715 798 1019 851 jurisconsultis
1052 798 1096 841 in
1128 799 1183 840 ti-

143 858 214 900 tul.
237 853 291 911 ff.
323 856 371 898 de
402 854 575 910 cenfibus
607 857 749 912 paffim
783 855 1039 899 indicatum.

269 968 311 1012 c
371 971 410 1012 A
473 969 503 1013 Ρ
563 972 608 1013 u
669 971 712 1013 T
830 970 1044 1014 xtvm.

142 1086 210 1130 De
244 1085 344 1139 jure
384 1084 526 1128 rtatim
559 1086 671 1128 urbis
700 1066 1138 1140 constantinopolum
1171 1114 1181 1126 .

279 1199 354 1242 Ine
384 1199 428 1242 &
459 1198 845 1254 Constantinopolis
876 1198 948 1243 etsi
980 1212 1066 1241 non
1097 1195 1186 1241 exi-

293 1271 416 1311 guam
449 1257 606 1300 civium
640 1260 928 1301 Romanorum
956 1268 1114 1311 partem
1138 1255 1185 1297 fi·

145 1310 186 1355 bi
217 1313 467 1367 attraxerit,
496 1314 539 1357 &
573 1317 772 1357 Romanae
798 1315 908 1357 urbis
927 1311 1075 1356 faciem
1097 1311 1190 1354 aedi-

146 1368 336 1412 ficiorum
354 1401 368 1423 ‚
389 1371 548 1414 viarum
564 1403 575 1425 ‚
595 1371 766 1415 collium
788 1403 800 1424 ‚
832 1371 924 1414 situs
940 1402 952 1424 ,
975 1370 1163 1413 ludorum
1179 1401 1190 1422 ,

146 1426 384 1482 rituumque
415 1444 462 1471 ac
494 1443 659 1471 morum
694 1429 926 1472 imitatione
949 1428 996 1470 ad
1021 1428 1054 1470 se
1077 1441 1189 1470 tran-

147 1481 301 1526 stulerit
320 1514 332 1535 ‚
364 1500 410 1527 ac
443 1484 511 1527 sub
543 1486 650 1529 urbis
683 1488 827 1529 Rornae
856 1486 1021 1541 persona
1042 1483 1088 1527 in
1112 1484 1191 1528 sce-

146 1553 246 1582 nam
281 1540 511 1595 prodierit3
544 1541 669 1586 latere
703 1556 841 1586 tamen
874 1543 975 1585 adeo
1006 1541 1148 1597 nequit
1179 1572 1191 1594 ,

148 1608 194 1639 ut
226 1611 311 1639 non
331 1597 379 1640 'se
408 1630 420 1652 ,
463 1598 565 1642 velit
597 1600 702 1644 nolit
733 1632 746 1654 ,
790 1601 998 1643 coloniam
1033 1602 1189 1642 Rorna-

150 1669 252 1696 nam
285 1655 523 1709 profiteatur
546 1689 561 1711 ,
591 1658 753 1714 quando
785 1658 1098 1701 immunitatem
1121 1655 1189 1698 tri-

149 1710 344 1754 butorum
389 1713 533 1768 capitis
583 1715 628 1758 &
679 1715 791 1768 soli,
836 1730 984 1770 nempe
1017 1715 1076 1765 jus
1110 1715 1194 1755 Ita-

149 1767 282 1812 licum
309 1800 321 1822 ‚
355 1784 440 1812 non
472 1771 523 1813 ab
553 1771 712 1827 origine
735 1772 799 1815 sua
817 1804 830 1826 ‚
865 1773 922 1814 sed
943 1789 965 1814 a
987 1770 1192 1813 Caesarum

150 1825 424 1870 beneficentia
455 1828 603 1871 duxit:
637 1829 736 1872 adeo
769 1843 814 1872 ut
846 1845 946 1885 opus
979 1828 1193 1881 habuerit,

152 1895 198 1925 ut
229 1883 267 1926 ei
300 1899 323 1926 a
355 1883 521 1940 fingulis
553 1886 781 1929 Caesaribus
805 1900 1098 1931 renovaretur:
1132 1886 1193 1928 ni-

150 1939 304 1984 mirum
337 1943 433 1996 quia
465 1958 550 1986 non
584 1943 823 2000 ingenitum
856 1959 940 1988 erat
970 1977 982 1997 ‚
1019 1943 1094 1987 ‚sed
1127 1943 1194 1986 ad-

153 1997 377 2042 ventitium
405 2031 417 2052 ,
451 2000 620 2057 ideoque
653 2018 747 2044 cum
782 2002 864 2044 vita
896 2001 1064 2045 Caesaris
1096 2016 1190 2043 con-

153 2055 335 2098 cedentis
365 2056 575 2112 expirabat
600 2091 609 2101 .
640 2059 764 2102 Unde
798 2058 973 2115 legimus
991 2059 1034 2102 in
1052 2058 1191 2101 Theo·

156 2110 320 2154 dofiano
360 2114 513 2158 Codice
545 2117 609 2167 (b)
641 2116 748 2159 hanc
779 2117 972 2160 Valentis
1001 2115 1192 2159 constitu-

154 2168 319 2212 tionem
344 2185 352 2210 :
390 2173 524 2214 Italici
553 2175 656 2224 juris
684 2176 881 2216 auxilium
910 2175 1063 2216 arbitra
1076 2174 1193 2229 ‹cqui-

156 2238 236 2268 τετε
269 2242 501 2271 renovamus
521 2261 529 2272 .
561 2232 732 2274 Arbt'tra
760 2233 940 2286 acquitate
970 2234 987 2282 (
1019 2231 1194 2285 inquit)

151 2283 248 2339 quia
280 2282 341 2334 jus
375 2286 569 2330 Italicum
603 2288 777 2332 minime
811 2305 905 2332 cum
931 2288 1104 2332 coloniis
1123 2303 1195 2330 na-

157 2341 338 2384 icebatur
372 2374 383 2394 ‚
431 2343 491 2386 sed
522 2345 788 2388 arcessebatur
818 2346 1066 2389 extrinsecus
1097 2376 1107 2385 .
1137 2346 1194 2388 Et

153 2397 197 2441 in
233 2399 286 2441 C.
319 2399 571 2450 Justinianeo
604 2401 712 2445 hanc
743 2403 910 2446 Arcadii
955 2403 998 2446 &
1047 2404 1189 2445 Hono—

150 2454 202 2498 rii
235 2453 367 2511 legem
401 2457 597 2503 habemus
619 2491 628 2502 .
661 2461 763 2503 Urbs
792 2459 1189 2516 Constantinopolita-

256 2514 360 2566 Jam'
390 2517 582 2559 Gravinss
609 2549 617 2559 .
651 2520 765 2561 Tom.
786 2521 842 2561 II·

147 2584 254 2595 ———

140 2614 245 2691 &fag
269 2616 444 2659 spanhem.
471 2620 506 2652 in
531 2619 603 2652 orbe
630 2622 773 2654 Roman.
797 2629 866 2664 cap.
902 2631 952 2661 ¹9»
992 2628 1070 2664 pag,
1105 2624 1189 2660 464.

194 2703 248 2743 (b)
271 2706 308 2736 L.
332 2716 356 2737 x.
377 2707 435 2739 rie.
451 2709 490 2741 de
501 2707 575 2746 iure
591 2712 673 2742 Ital.
694 2710 762 2743 urb.
784 2709 950 2751 Constant.

191 2750 249 2790 (c)
276 2754 318 2782 L.
336 2752 420 2784 unic.
439 2757 472 2784 C.
491 2753 569 2793 Inss.
589 2756 627 2787 de
646 2757 763 2797 privar
790 2756 855 2788 urb.
876 2753 1042 2796 Constant.

192 2795 255 2834 (d)
281 2798 313 2826 Cv
341 2798 461 2829 Theoti.
479 2800 516 2830 de
533 2801 685 2842 Epist-op.
701 2803 723 2833 l.
743 2804 830 2834 omni
844 2812 901 2840 45.

190 2841 248 2881 (e)
275 2843 311 2873 L·
331 2850 384 2879 43.
408 2843 445 2873 de
462 2845 575 2883 Ezifi.
598 2847 840 2887 Chalcedonens.
861 2847 980 2878 concil.
1001 2853 1068 2888 cap.
1088 2848 1140 2878 28.

191 2885 270 2926 (s)
300 2887 452 2927 Respons?
477 2886 667 2927 justiniani
693 2892 853 2931 incipiens
867 2892 1033 2923 reddentes
1048 2889 1123 2933 post.
1147 2894 1189 2922 L.

143 2940 177 2969 7-
209 2933 243 2962 C.
274 2931 451 2971 desumma
469 2935 594 2964 Trinit.
612 2933 727 2974 &fide
747 2938 873 2969 Cathol.
892 2938 970 2968 irem
989 2936 1061 2975 dist.
1082 2947 1133 2967 22.
1151 2937 1189 2968 (Ξῖ

145 2975 286 3008 Novell.
310 2986 381 3015 123.
407 2979 435 3020 §.
458 2989 481 3009 1.
503 2980 638 3010 Novell.
659 2991 686 3017 9·

186 3021 268 3060 (⁴²)
306 3024 422 3065 Neque
461 3033 500 3055 eo
525 3023 738 3057 vehementer
763 3025 947 3058 extollitur
967 3025 1112 3067 dignitas
1137 3036 1189 3057 iir-

141 3061 192 3097 bis
222 3069 336 3099 Romae
353 3089 363 3106 ‚
390 3067 475 3110 quod
495 3069 800 3111 Constantinopolis
825 3071 868 3102 est
895 3071 1037 3103 colonia
1065 3075 1184 3104 Roma-

143 3119 186 3141 na
211 3131 218 3140 .
261 3111 377 3144 Eidem
417 3114 507 3146 enim
534 3114 655 3147 veteris
678 3125 808 3157 quoqne
835 3119 950 3148 Romae
976 3115 1188 3157 prerogativa

141 3153 218 3189 data
246 3178 256 3196 ,
298 3157 437 3190 coioniae
462 3169 590 3201 quoque
616 3160 780 3201 sat-piisime
806 3160 902 3193 urbes
938 3181 949 3197 ‚

139 3196 243 3236 dufiae
267 3201 368 3243 sunt,
393 3203 488 3239 valde
515 3204 695 3249 superant,
720 3205 878 3249 exemplo
904 3209 1020 3244 Romae
1045 3202 1143 3248 ipfius
1159 3224 1169 3244 ‚

846 2589 1178 2601 ——n—

1235 186 1286 212 na
1316 170 1400 222 (c)
1430 185 1505 211 non
1528 168 1658 222 solum
1682 167 1798 219 suris
1830 170 1967 210 Italics·
2004 200 2015 222 ,
2054 167 2128 224 sed
2158 172 2279 214 etiam

1235 225 1357 282 ipsius
1402 226 1537 268 Romae
1580 226 1727 266 veteris
1764 227 2025 281 praerogativa
2067 228 2210 271 latetur
2254 246 2271 270 .-

1235 299 1410 339 nempe,
1442 295 1487 326 ut
1519 296 1628 337 aeque
1660 281 1706 324 fit
1738 280 1843 324 sedes
1876 297 1958 324 non
1992 282 2154 337 quidem
2188 288 2280 330 lm-

1237 340 1335 395 perii
1357 371 1369 394 ‚
1403 339 1465 383 sed
1486 338 1751 394 Imperatoris
1771 370 1783 391 ,
1815 339 1857 381 &
1891 338 1939 381 in
1960 339 2160 382 honorem
2182 343 2274 384 Cat-

1238 398 1330 440 saris
1361 395 1534 452 p-raeeffet
1565 395 1749 447 orienti,
1783 395 1882 438 ficut
1918 396 2053 439 Roma
2083 397 2171 439 orbi
2201 411 2282 442 ter-

1238 470 1373 497 rarum
1402 453 1630 510 praefidebat
1656 452 1873 496 universo.
1910 455 2025 496 Nam
2053 454 2181 497 etiam.
2205 455 2282 500 ali-

1235 512 1273 554 bi
1307 512 1398 564 (d)
1433 511 1547 555 sacris
1579 510 1624 553 in
1658 510 1834 566 negotiis
1865 511 1947 563 (e)
1979 511 2018 553 id
2051 512 2272 565 repetitum

1235 584 1329 611 cum
1361 582 1502 612 tamen
1537 568 1735 622 sciamus,
1767 567 1832 610 vel
1865 568 1950 622 ipso
1972 567 2199 619 Justiniano
2221 583 2281 613 te-

1235 625 1313 677 ste,
1345 625 1416 680 qui
1448 625 1491 668 in
1525 625 1717 668 Novellis
1737 637 1916 669 veterem
1941 627 2123 668 Romam
2153 627 2283 671 sacer-

1235 681 1338 724 dotii
1382 681 1543 725 fontem
1586 682 1763 738 appeilat
1791 714 1802 736 ‚
1845 682 2282 738 Constantinopolita-

1238 753 1340 782 num
1384 739 1607 781 antistitem
1655 739 1928 784 orientalibus
1973 739 2185 795 Episcopis
2214 754 2278 785 ut-

1237 810 1400 849 cunque
1434 795 1674 849 praelatum,
1707 796 1837 851 ipsum
1870 809 2008 840 tamen
2044 797 2157 840 simu!
2184 816 2282 844 cuin

1238 852 1388 895 caeteris
1421 852 1614 895 Ecclefiis
1647 857 1840 896 Romano
1875 854 2039 907 paruisse
2068 870 2079 907 ς
2122 855 2200 908 (f)
2236 869 2280 899 ut

1241 909 1374 964 palam
1409 909 1454 951 fit
1486 925 1626 964 parem
1660 911 1764 953 banc
1798 912 1886 953 urbi
1921 914 2065 954 Roma:
2092 928 2283 968 preroga„

1241 967 1369 1009 tivam
1391 981 1476 1009 non
1495 967 1552 1009 ita
1570 967 1644 1010 effe
1664 968 1945 1022 accipiendam
1968 1000 1979 1019 ,
2000 981 2043 1012 ut
2063 970 2112 1011 ad
2130 972 2277 1013 omnia

1238 1024 1509 1068 extendatur:
1543 1039 1641 1067 nam
1676 1025 1718 1067 δι
1754 1025 1835 1079 post
1867 1025 1937 1068 has
1970 1025 2078 1082 leges
2105 1058 2117 1079 ,
2150 1044 2280 1082 quan-

1241 1093 1280 1123 ta
1313 1081 1504 1136 potestate
1534 1081 1895 1135 Constantinopoli
1932 1085 2066 1125 Roma
2090 1085 2280 1138 praest‘ite-

1241 1138 1319 1192 rit,
1351 1138 1395 1181 in
1428 1138 1686 1194 sequentibus
1716 1139 1971 1184 ostendemus
1992 1170 2001 1179 ·
2034 1142 2118 1193 (³¹²)

1385 1253 1425 1295 C
1485 1253 1526 1296 A
1588 1252 1618 1294 P
1676 1252 1720 1294 U
1779 1253 1824 1295 T
1941 1257 1982 1301 X
2003 1257 2034 1299 L
2050 1257 2068 1298 I
2083 1257 2139 1300 X.

1241 1370 1288 1412 In
1305 1366 1496 1419 Iacobum
1523 1366 1804 1422 Gothofi·edum
1827 1369 1875 1411 de
1891 1367 2004 1424 falsa
2023 1372 2284 1428 exaequatione

1300 1426 1418 1468 Urbis
1448 1425 1892 1482 Constantinopolitanae
1910 1444 1996 1470 cum
2015 1430 2202 1474 Romana
2216 1462 2226 1473 .

1341 1539 1540 1594 Rospexit
1587 1539 1677 1583 istas
1719 1540 1763 1584 in
1797 1541 1830 1585 se
1864 1541 2148 1597 impendentes
2179 1544 2282 1588 diffi-

1359 1597 1530 1641 cultates
1561 1597 1842 1642 Gothofredus
1865 1631 1879 1653 ,
1910 1603 1980 1656 qui
2013 1613 2057 1645 ut
2089 1602 2160 1644 has
2191 1602 2280 1657 pia-

1241 1670 1309 1710 gas
1335 1654 1527 1711 effugiat,
1560 1654 1702 1698 intulit
1736 1656 1769 1699 se
1803 1656 1845 1699 in
1878 1657 2078 1709 majores.
2110 1661 2173 1715 (g)
2196 1658 2283 1703 Pri-

1243 1728 1312 1754 mo
1353 1714 1469 1756 enim
1515 1712 1631 1756 nullo
1673 1728 1808 1756 rerum
1865 1714 2065 1770 gestarum
2113 1716 2281 1773 vestigio

1243 1770 1448 1814 confinxit
1477 1768 1536 1821 jus
1569 1769 1767 1814 Italicum
1800 1769 2290 1829 fuisseConstantinopo-

1244 1827 1271 1870 li
1316 1844 1340 1870 a
1383 1827 1583 1882 Procopio
1615 1839 1793 1882 tyranno
1827 1844 1896 1884 per
1928 1829 2014 1874 vim
2045 1843 2233 1886 ereptum
2270 1848 2284 1885 3

1244 1885 1326 1939 post
1358 1897 1496 1928 autem
1528 1901 1551 1928 a
1583 1884 1838 1941 sequentibus
1874 1888 2196 1943 Imperatoribus
2221 1904 2289 1931 re-

1244 1942 1427 1987 stitutum
1461 1974 1470 1984 .
1516 1942 1638 1997 Quod
1680 1942 1928 1988 refutatione
1970 1945 2146 1989 minime
2181 1945 2288 1989 indi-

1242 2011 1310 2055 get
1343 2032 1355 2054 ‚
1406 2012 1546 2054 utpote
1576 2000 1625 2042 ad
1659 2000 1834 2055 priorem
1870 2017 2047 2046 errorem
2084 2003 2286 2046 tuendum

1243 2058 1447 2112 gratuito,
1484 2072 1533 2100 ne
1556 2057 1690 2100 dicam
1719 2069 1901 2113 temere,
1936 2061 2163 2114 prolatum.
2201 2062 2284 2102 De-

1243 2114 1335 2158 inde
1368 2128 1524 2158 novum
1557 2114 1886 2159 comminiscitur
1917 2115 2014 2167 juris
2049 2116 2185 2160 Italici
2218 2117 2285 2160 di-

1247 2171 1415 2215 scrimen
1448 2187 1469 2214 e
1503 2171 1569 2214 suo
1601 2171 1757 2224 jecore,
1790 2187 1874 2216 non
1907 2175 1957 2217 ab
1988 2173 2072 2218 ulla
2091 2173 2191 2226 juris
2213 2190 2285 2218 ve·

1243 2228 1336 2272 teris
1369 2230 1525 2272 ratione
1551 2260 1562 2281 ‚
1606 2242 1677 2272 aut
1717 2230 1976 2286 antiquitatis
2008 2245 2286 2276 monumento

1242 2286 1426 2330 editum·
1457 2285 1687 2340 Distinguit
1717 2287 1831 2339 enirn
1864 2288 1924 2340 jus
1944 2289 2139 2332 Italicum
2167 2290 2287 2332 Con-

1243 2343 1653 2399 stantinopolitanum
1698 2359 1721 2387 a
1764 2343 1849 2396 jure
1883 2345 2030 2390 Italico
2062 2346 2287 2390 civitatum

1242 2401 1414 2445 aliarum
1438 2432 1450 2454 ,
1484 2401 1613 2456 pofito
1647 2400 1690 2444 in
1721 2400 1992 2447 immunitate
2024 2404 2167 2458 capitis
2204 2436 2215 2457 ,
2245 2403 2290 2446 δε

1244 2458 1353 2513 soli3
1395 2473 1491 2503 curn
1532 2457 1593 2510 jus
1626 2457 1821 2504 Italicum
1853 2460 2291 2517 Constantinopolita-

1849 2519 1888 2562 G
2182 2534 2288 2562 num

1480 2592 1486 2597 .
1857 2583 1861 2587 .

1239 2629 1338 2661 quarn
1365 2619 1572 2652 Albanorum
1599 2620 1776 2653 Coloniam
1800 2620 1892 2655 fuisse
1918 2643 1930 2661 ‚
1955 2620 2068 2655 ferunt
2090 2645 2098 2654 .
2128 2627 2283 2655 Renova-

1241 2675 1273 2696 re
1310 2672 1421 2697 autern
1458 2665 1576 2706 singuli
1620 2668 1843 2708 Imperatores
1869 2667 2046 2710 privilegia
2072 2677 2166 2700 novae
2192 2666 2284 2699 urbis

1240 2708 1455 2749 maluerunt,
1480 2720 1578 2753 qnam
1603 2711 1785 2744 concedere
1805 2711 1839 2744 in
1866 2719 2062 2755 perpetuum
2100 2735 2111 2752 ‚
2150 2723 2190 2745 ne
2217 2710 2283 2743 cri-

1240 2754 1299 2787 stas
1336 2761 1460 2788 temere
1498 2756 1859 2798 constantinopolitani
1885 2757 2097 2790 extoilet-ent
2124 2757 2154 2789 8:
2180 2755 2280 2798 ipfius

1242 2800 1504 2842 imperatoribus
1531 2811 1646 2844 graves
1670 2801 1770 2834 effent
1789 2824 1798 2833 .
1825 2802 1891 2835 Etsi
1918 2812 2017 2844 porro
2044 2812 2143 2844 quam
2169 2800 2283 2834 maxi-

1239 2855 1289 2876 me
1313 2845 1490 2887 Episcopus
1518 2845 1903 2889 constantinopolitanus
1931 2847 2092 2889 Episcopo
2119 2844 2279 2879 subfueriz

1240 2891 1391 2922 Romano
1417 2912 1428 2929 ‚
1456 2890 1540 2923 nihil
1565 2890 1641 2923 inde
1667 2891 1808 2934 coegeris
1836 2902 1894 2934 pro
1927 2892 2070 2933 Imperio
2097 2895 2279 2927 Romano,

1237 2944 1311 2967 cum
1352 2935 1382 2966 δε
1420 2934 1482 2968 hoc
1508 2935 1595 2968 inter·
1619 2943 1704 2968 artes
1729 2936 1810 2968 auia:
1835 2938 1895 2969 effe
1938 2936 2082 2978 potuerit
2113 2958 2124 2974 ,
2161 2935 2283 2977 quibus

1238 2978 1270 3011 id
1308 2980 1466 3023 agebatur
1491 3002 1502 3019 ‚
1546 2989 1583 3014 ut
1622 2991 1662 3012 ne
1695 2991 1779 3023 aegre
1815 2980 1940 3015 ferrent
1970 2980 2112 3015 Romani
2140 2979 2283 3012 transla-

1238 3025 1364 3057 tionem
1390 3025 1471 3058 sedis
1499 3025 1751 3067 Imperatoriae.
1780 3028 1820 3059 Et
1846 3025 1980 3058 tandem
2007 3030 2127 3060 Graecae
2153 3033 2282 3065 quoquc

1237 3069 1370 3101 ecclesia
1397 3074 1552 3103 Romano
1577 3071 1606 3103 se
1634 3070 1786 3103 Pontifici
1813 3070 1982 3104 subtraxit
1999 3093 2007 3100 .

1282 3115 1334 3155 (gss
1369 3118 1403 3146 L.
1429 3126 1452 3146 1.
1473 3119 1505 3146 C.
1526 3115 1647 3147 Theod.
1665 3116 1703 3147 Aa·
1717 3115 1786 3153 jure
1804 3117 1918 3151 Italic.
1942 3113 2011 3147 urb-
2029 3110 2231 3153 Censsancin.
2253 3121 2285 3154 p.

988 3169 1030 3190 ex
1069 3159 1188 3200 quibus
1243 3169 1318 3192 222.
1335 3158 1449 3202 &serp
1466 3161 1503 3194 in
1518 3168 1726 3195 commentar·

2207 114 2347 163 491
