2451 3470
654 90 1109 146 CANO

77 171 152 216 nisi
181 183 232 215 ex
265 166 478 224 privilegio
507 165 727 210 admodum
762 164 929 221 paucis:
967 180 1112 220 nempe

75 226 280 274 Hostiensi
306 257 319 281 ,
359 223 540 280 Papiensi
567 255 579 278 ,
621 223 786 268 Lucensi
807 255 821 276 ‚
851 222 1107 279 Quinquaec-

75 283 250 330 clesiensi
271 314 283 336 ‚
324 280 622 337 Bambergienfi
653 313 662 324 .
695 283 780 333 (a)
813 278 941 323 Pallio
972 292 1110 322 autem

74 339 433 395 Archiepiscopale
465 353 614 382 munus
644 338 818 381 adhaeret
841 368 854 391 ,
885 349 930 381 ut
962 351 1011 379 ne
1039 351 1108 378 no-

73 413 172 442 men
214 396 379 453 quidem
412 396 501 453 quis
531 394 838 451 Archiepiscopi
874 407 1078 436 mereatur
1101 423 1113 444 ‚

72 468 298 510 antequam
329 453 503 497 Pallium
535 453 731 506 receperit
761 483 773 504 ,
804 451 888 503 (b)
921 450 1001 493 sine
1033 465 1112 505 quo

73 512 314 569 prohibetur
351 509 594 554 Concilium
626 507 883 552 provinciale
912 522 1109 552 convoca-

73 584 144 622 re,
176 568 370 612 Chrisma
402 567 600 611 conficere
623 598 636 621 ,
685 566 915 611 consecrare
945 564 1107 618 Episco-

72 641 172 682 pos,
204 625 364 682 aliaque
396 638 557 679 gerere,
587 639 676 679 quae
706 638 802 667 curn
835 621 966 666 Miffae
997 618 1114 665 sacri-

74 683 171 727 ficio
206 684 296 725 sunt
325 681 510 725 obeunda
536 711 549 733 ‚
592 684 671 732 (c)
699 679 770 724 etsi
801 681 918 734 possit
949 678 1114 733 Episco-

74 738 137 795 pis
169 738 260 782 aliis
291 738 362 782 sibi
397 736 578 790 subjeeiis
609 739 872 793 permittere,
904 748 948 779 ut
982 735 1113 779 suffra-

73 811 253 852 ganeum
285 793 541 840 consecrent.
576 794 661 848 [d]
697 793 918 848 Petendum
936 792 1113 836 Pallium

72 853 127 898 est
168 853 278 896 intra
317 864 397 895 tres
429 851 584 894 menses
616 868 638 893 a
669 850 989 894 consecratione
1028 881 1041 902 ‚
1070 850 1114 892 &

70 908 233 966 quidem
278 908 410 951 enixis
439 906 625 962 precibus
648 937 660 959 ,
711 922 841 961 neque
874 906 982 949 illius
1013 921 1112 950 con·

70 966 190 1010 cessio
231 964 286 1009 est
325 964 462 1020 aliqua
511 962 698 1007 criminis
728 962 955 1014 objectione
989 976 1112 1006 retar-

69 1022 200 1067 danda
232 1037 246 1076 3
297 1020 372 1064 nisi
402 1020 650 1065 accusatores
684 1021 717 1064 sc
751 1021 906 1074 poenis,
941 1020 964 1062 si
998 1019 1112 1063 fefel-

69 1077 218 1132 lerint,
248 1076 463 1122 offerentes
482 1109 495 1131 ‚
538 1076 695 1121 crimen
729 1077 836 1120 intra
867 1078 964 1121 duos
997 1093 1114 1122 men·

68 1136 126 1180 ses
169 1135 431 1190 promiserint
473 1135 749 1189 probaturos:
795 1136 874 1186 (e)
905 1134 1114 1191 dandoque

68 1192 201 1236 Pallio
232 1222 246 1247 ,
289 1192 379 1235 fidei
412 1191 454 1235 δε
486 1191 727 1235 obedientiae
756 1191 1033 1244 iuramentum
1054 1208 1113 1235 er-

67 1265 119 1306 ga
160 1252 378 1293 Summum
431 1249 672 1292 Pontificem
715 1249 765 1291 ab
796 1249 1116 1304 Arcbiepiscopo

69 1306 273 1360 exigitur.
305 1305 384 1359 (f)
416 1306 540 1348 Porro
573 1305 882 1349 solusSummus
897 1305 1115 1359 Pontifex,

72 1375 214 1418 utpote
265 1362 378 1414 cujus
419 1361 638 1414 iurisdietio
680 1363 721 1404 in
771 1378 941 1405 omnem
974 1363 1115 1406 orbem

72 1431 272 1463 terrarum
303 1418 524 1462 effunditur
552 1450 566 1472 ‚
611 1418 739 1462 Pallio
771 1419 919 1475 ubique
950 1419 1080 1462 utitur
1105 1452 1116 1472 ‚

71 1477 116 1521 8(
147 1477 335 1531 semper3
365 1476 498 1520 caeteri
531 1476 694 1519 nonnisi
729 1476 801 1519 suae
833 1477 941 1519 intra
964 1475 1115 1527 jurisdi-

69 1533 219 1577 &ionis
249 1533 373 1578 fines„
405 1532 512 1575 statis
540 1533 739 1588 certisqne
769 1533 907 1577 diebus
931 1565 944 1584 ‚
978 1534 1018 1576 in
1059 1534 1114 1576 so-

72 1589 203 1634 lemni
214 1590 424 1634 missarum
438 1589 711 1634 celebratione
725 1622 738 1644 ,
769 1606 917 1646 nempe
931 1590 975 1633 in
990 1591 1113 1634 Chri-

73 1647 118 1691 sti
151 1647 214 1690 die
233 1646 407 1700 Natali,
436 1648 499 1691 die
523 1646 617 1690 festo
632 1648 670 1690 S.
685 1648 907 1703 Stephani,
939 1649 1117 1700 &joan-

70 1705 135 1748 nis
155 1736 168 1758 ,
199 1703 541 1748 Circumcisionis
566 1705 748 1748 Domini
775 1737 789 1758 ‚
834 1705 1081 1761 Epiphaniae
1105 1738 1116 1760 ,

70 1760 308 1805 Palmarum
336 1793 349 1814 ‚
394 1761 436 1804 in
485 1762 622 1805 Coena
655 1761 870 1815 Domini,
913 1762 1118 1806 Sabbatho

68 1818 219 1862 saneto
248 1850 260 1872 ‚
307 1817 437 1862 tribus
465 1818 602 1862 diebus
635 1819 979 1873 Resurreffionis‚
1013 1821 1116 1864 Pen-

70 1876 235 1920 tecostes
272 1907 286 1929 ‚
329 1875 372 1918 in
405 1874 502 1919 festo
531 1876 668 1920 sancii
699 1876 871 1928 Joannis
901 1877 1084 1933 Baptistae
1104 1908 1116 1930 ‚

69 1933 115 1976 &
140 1933 336 1976 omnium
370 1932 660 1987 Apostolorum
690 1965 702 1986 ,
745 1933 788 1977 in
821 1933 949 1988 tribus
978 1934 1118 1978 diebus

71 1989 177 2033 festis
208 1991 252 2032 B.
285 1990 432 2032 Mariae
457 2020 472 2043 ,
503 1989 548 2033 in
579 1992 995 2035 Commemoratione
1025 2007 1115 2035 om-

71 2047 191 2091 nium
221 2046 463 2090 Saneiorum
496 2078 509 2100 ,
559 2048 604 2091 in
636 2047 888 2092 dedicatione
919 2047 1118 2092 Ecclesia-

73 2120 168 2149 rum
196 2135 209 2158 ‚
255 2104 298 2147 in
340 2102 553 2159 praecipuis
595 2104 700 2149 festis
741 2106 880 2149 diebus
929 2105 1119 2148 Ecclesiae

74 2160 444 2217 Archiepiscopalis
473 2192 486 2214 ,
528 2161 572 2205 in
631 2161 890 2206 ordinatione
931 2162 1115 2206 Clerico-

79 2234 172 2264 rum
192 2250 204 2271 ‚
237 2219 281 2262 in
311 2217 703 2263 consecrationibus
736 2219 1036 2275 Epi-scoporum
1054 2219 1121 2273 ,δι

76 2275 121 2320 in
152 2276 216 2319 die
246 2275 550 2330 anniversaria,
582 2292 705 2333 quam
736 2277 913 2321 celebrat
947 2277 1119 2320 Archie·

77 2332 264 2389 piscopus
297 2333 467 2390 propriae
496 2334 831 2378 consecrationis
856 2367 866 2377 .
915 2335 999 2392 (g)
1027 2336 1119 2378 Cae-

77 2402 212 2435 terum
246 2391 371 2448 ipsam
406 2391 714 2447 Archiepiscopi
749 2392 960 2447 personam
984 2424 995 2445 ,
1027 2407 1121 2435 ean-

76 2448 252 2504 demque
297 2447 523 2492 Ecclesiam
568 2449 745 2493 Pallium
779 2465 862 2492 nou
893 2450 1121 2505 egreditur3

78 2504 224 2549 adeout
258 2521 387 2562 neque
417 2505 537 2550 alteri
573 2506 617 2549 sit
648 2507 996 2550 commodandum
1035 2539 1048 2560 ‚
1080 2507 1123 2550 δι

78 2577 176 2606 cum
208 2578 256 2605 eo
288 2562 403 2606 simul
437 2563 482 2606 sit
513 2562 768 2607 humandum
802 2596 814 2619 ,
856 2564 898 2607 ἃ
932 2564 958 2607 si
992 2577 1122 2608 mutet

78 2618 305 2682 Ecclesiam
341 2651 353 2672 ‚
395 2636 464 2676 pro
509 2637 616 2665 nova
648 2621 827 2666 Ecclesia
860 2637 1015 2665 novum
1050 2617 1122 2676 sit,

80 2687 168 2720 tam
210 2691 247 2720 ei
294 2691 418 2732 quarn
469 2677 672 2723 successori
720 2679 788 2724 suo
819 2678 1122 2736 impetrandum

123 2880 209 2921 (a)
234 2881 306 2912 Vid.
337 2883 474 2913 Vallem·-
502 2882 556 2913 hoe
583 2885 628 2913 tir
653 2882 681 2923 ς.
713 2893 740 2914 ι.
762 2895 853 2922 num.
878 2886 910 2916 6.
1002 2853 1018 2862 -

122 2927 143 2965 (
161 2923 210 2963 b)
234 2927 269 2956 C.
295 2924 359 2965 nisi
382 2927 419 2957 de
445 2923 563 2957 nuffar.
591 2926 630 2958 Φ·
653 2928 717 2966 usu*
737 2928 863 2960 Panis.

123 2968 203 3010 (c)
240 2968 327 3010 Hos).
368 2971 406 3001 ίη
439 2970 559 3010 summ.
599 2972 628 3003 h.
658 2973 713 3004 tir.
742 2974 781 3003 c.
804 2973 886 3014 quod
902 2971 988 3014 ficut
1016 2973 1063 3005 18.
1093 2971 1119 3012 §-

159 3026 173 3046 e

77 3019 157 3058 pret
177 3026 227 3047 rea
267 3019 304 3049 C.
335 3013 530 3058 significasti
553 3025 579 3054 3.
608 3016 646 3047 de
671 3015 761 3049 εἱεῐέ.
784 3015 858 3056 dufl-
889 3027 956 3049 100-
980 3025 1037 3061 per
1060 3027 1120 3051 nt.

185 3064 195 3095 1
221 3062 255 3090 C.
277 3059 497 3104 suffraganeis
521 3060 557 3091 de
579 3059 666 3093 oluff.

121 3061 197 3144 si]
225 3105 387 3147 Erravag-
418 3115 530 3137 comm.
557 3106 700 3139 malitiis
723 3105 762 3139 de
785 3102 873 3139 aubi,

125 3148 196 3191 [f]
222 3151 301 3183 Can.
325 3157 475 3204 optatum
498 3149 572 3192 dist.
604 3160 673 3183 100.

1190 90 1243 144 N
1326 89 1351 141 1
1431 86 1478 140 C
1559 83 1660 137 AE.

1372 156 1979 204 TITULUSXH.

1269 252 1336 295 De
1366 248 1480 301 vita,
1511 243 1567 289 (9¹
1597 238 1788 303 honestate
1821 241 2097 284 Praelatorum.

2093 97 2195 149 271

1259 338 1394 378 Raeter
1423 344 1667 377 communes
1686 327 1856 370 virtutes
1873 358 1884 380 ,
1915 325 2057 382 quibus
2071 327 2201 370 abun-

1276 393 1367 436 dare
1398 394 1558 446 oportet
1588 385 1839 440 Episcopum
1859 414 1873 436 ‚
1907 384 1996 425 sunt
2026 383 2068 425 δε
2095 399 2199 446 ‘pi'ae-

1160 449 1277 503 cipua
1309 448 1517 504 quaedam,
1547 459 1636 502 quae
1667 457 1822 486 munus·
1851 441 1964 483 suum
1983 452 2198 503 ⁸comitan-

1163 519 1260 549 tur.
1292 506 1462 549 Etenim
1497 518 1580 546 non
1614 500 1742 544 solum
1775 498 1856 555 ipse
1873 496 2117 541 criminibus
2131 512 2200 539 va-

1161 578 1250 606 care
1276 563 1392 606 debet
1418 561 1669 616 Episcopus,
1700 556 1762 600 sed
1781 554 2008 612 quamlibet
2023 552 2200 596 aliorum

1161 619 1424 663 offensionem
1444 651 1457 672 ,
1489 617 1593 669 sive,
1623 626 1668 659 ut
1692 612 1834 666 ajunt,
1869 611 2125 675 scandalum,
2156 610 2201 653 δε

1163 676 1428 731 suspicionem
1459 673 1686 718 declinare:
1721 686 1771 714 ne
1798 685 1866 724 per
1893 684 1987 712 eum
2009 668 2201 732 aliidete-

1164 734 1286 777 riores
1300 733 1515 776 reddantur
1527 763 1539 784 ‚
1561 745 1630 785 per
1645 743 1766 784 quem
1781 727 1937 770 deceret
1954 726 2000 787 sie
2009 741 2038 768 ri
2055 725 2201 768 melio-

1164 806 1246 834 res.
1279 790 1402 833 Unde
1432 789 1606 843 effugere
1637 785 1753 829 debet
1780 784 1823 827 &
1850 782 2115 835 criminosos,
2150 796 2201 825 ne

1164 847 1230 890 suo
1254 845 1506 890 commercio
1534 844 1662 886 vitam
1691 857 1834 885 eorum
1864 839 2081 893 adprobare
2103 853 2202 881 cen-

1167 905 1293 947 seatur
1321 904 1407 948 .·.&
1433 918 1481 946 ne
1508 901 1576 944 fibi
1604 897 1873 943 reverentiam
1904 897 1983 951 ipse
2010 897 2169 939 minuat
2187 927 2200 950 ‚

1164 960 1434 1017 frequentiam
1457 973 1616 1016 quoque
1656 956 1830 999 aliorum
1862 970 1908 997 ac
1933 953 2108 996 nimiam
2141 951 2201 995 fa-

1165 1019 1448 1062 miliaritatem
1476 1015 1644 1058 vitabit.
1676 1011 1944 1067 Temperabit
1973 1025 2068 1054 vero
2084 1024 2203 1052 man-

1165 1075 1370 1119 suetudine
1390 1073 1624 1130 potestatem
1642 1102 1653 1122 ‚
1668 1067 2004 1130 prudentiamque
2020 1099 2030 1121 ‚
2045 1082 2091 1109 ac
2104 1067 2201 1110 dex·-

1164 1133 1366 1176 teritatem
1393 1132 1441 1174 ad
1466 1127 1728 1173 concordiam
1755 1157 1766 1176 ‚
1797 1125 1840 1168 δι’,
1864 1123 2202 1167 conciliationem

1164 1189 1435 1234 diffidentium
1447 1186 1685 1230 animorum
1705 1181 1936 1236 adhibebit,
1962 1195 2100 1235 pacem
2119 1180 2206 1222 liti-

1165 1248 1234 1290 bus
1265 1259 1542 1298 anteponens.
1578 1242 1657 1292 (b)
1688 1242 1798 1294 Opes
1829 1239 1875 1280 ad
1902 1253 2124 1300 pauperum
2142 1235 2200 1280 le-

1165 1319 1337 1347 vamen,
1369 1303 1411 1346 &
1437 1302 1483 1345 ad
1511 1297 1769 1352 excipiendos
1802 1294 1975 1347 hospites
1997 1326 2008 1346 ‚
2042 1309 2125 1336 non
2151 1292 2200 1337 ad

1166 1361 1306 1403 inanes
1333 1360 1485 1403 sumtus
1498 1355 1705 1400 conseret.
1738 1351 2069 1406 Tempus,qiiod
2085 1351 2119 1392 ei
2139 1350 2201 1393 su-

1166 1417 1288 1474 perest
1308 1450 1320 1471 ‚
1353 1417 1416 1460 vel
1440 1413 1620 1465 orando,
1653 1409 1716 1454 vel
1749 1407 2032 1453 concionando
2063 1407 2200 1449 tradu-

1164 1489 1230 1520 cet
1260 1507 1269 1517 .
1315 1473 1585 1517 Severitatem
1613 1467 1779 1510 caritate
1812 1464 2009 1507 mulcebit
2030 1495 2038 1505 .
2075 1463 2202 1505 Indu-

1166 1545 1305 1576 menta
1318 1531 1428 1575 culta
1449 1530 1493 1574 &
1518 1525 1668 1570 munda
1684 1524 1842 1585 sumat-3
1863 1537 1949 1585 quae
1966 1522 2064 1566 luxu
2082 1519 2198 1583 simul

1165 1602 1328 1633 careant
1373 1587 1418 1631 &
1466 1585 1642 1630 sor-dibus
1675 1613 1687 1635 ,
1736 1593 1782 1623 ut
1816 1578 2014 1621 invidiam
2052 1589 2204 1632 pariter

1164 1648 1207 1691 ἃ
1238 1658 1497 1691 contemtum
1531 1653 1673 1685 caveat
1695 1671 1708 1693 ‚
1755 1652 1882 1693 eoque
1924 1635 2046 1698 gestu·
2077 1634 2110 1677 se
2141 1646 2206 1697 at-

1163 1721 1241 1761 que
1267 1703 1409 1747 habitu
1434 1702 1516 1745 oris
1530 1697 1734 1754 proferam
1764 1706 1810 1737 ut
1842 1694 2006 1737 condita
2038 1706 2080 1734 in
2112 1705 2204 1755 ani-

1167 1779 1236 1805 ino
1268 1760 1398 1804 virtus
1428 1756 1697 1803 exterioribus
1721 1750 1843 1807 signis
1856 1750 1904 1794 ad
1921 1750 2097 1794 aliorum
2111 1761 2209 1792 imi-

1166 1819 1371 1864 tationem
1402 1815 1630 1872 explicetur
1651 1842 1660 1855 .
1696 1810 1776 1864 (i)

1338 1931 1410 1973 VT
1443 1931 1462 1973 1
1494 1930 1538 1972 Τ
1567 1927 1678 1970 UAL
1709 1925 1752 1968 U
1784 1922 1812 1965 S
1881 1921 2014 1966 XIII.

1405 2015 1472 2061 De
1506 2011 1631 2070 officio
1661 2007 1968 2055 Archidiacom‘.

1171 2103 1261 2205 A
1285 2100 1590 2147 Rch‘idiaconus
1635 2097 1689 2142 est
1724 2093 1916 2153 Episcopi
1962 2090 2156 2156 Vicarius
2185 2111 2212 2139 a

1307 2159 1389 2212 jure
1438 2157 1678 2201 constitutus
1710 2186 1723 2207 ,
1763 2151 1905 2196 oculus
1947 2162 2075 2193 etiarn
2107 2151 2210 2213 Epi·

1168 2218 1277 2273 scopi
1309 2215 1564 2272 appellatus,
1602 2215 1694 2266 (k)
1725 2222 1887 2266 propter
1920 2207 2043 2271 latam
2078 2208 2210 2251 admi-

1168 2275 1405 2318 strationem
1432 2305 1443 2325 ‚
1485 2273 1529 2316 &
1573 2272 1634 2314 in*
1660 2269 1776 2314 rebus
1820 2265 2010 2323 gerendis
2044 2265 2212 2320 potesta-

1171 2348 1254 2376 tem
1283 2349 1293 2374 τ
1337 2346 1460 2388 quarn
1492 2329 1674 2384 oportuit
1707 2326 1838 2381 postea
1867 2356 1880 2378 ‚
1912 2335 2050 2377 utpote
2085 2323 2212 2376 suspe-

1168 2390 1305 2442 θεῶ,
1336 2389 1379 2432 ἃ
1412 2387 1569 2443 ipsimet
1593 2384 1797 2440 Episcopo
1813 2379 2108 2444 pericu-lofam,
2139 2395 2214 2423 ex-

1172 2461 1367 2498 tenuare,
1397 2445 1522 2488 divisa
1540 2443 1729 2498 potestate
1751 2442 1795 2502 in
1813 2440 2058 2502 vicarium,
2087 2451 2212 2499 quem

1171 2504 1380 2560 appellant
1412 2500 1661 2546 Generalem
1684 2531 1695 2551 ‚
1727 2496 1880 2560 qui'ab
1912 2494 2082 2558 ipsomet
2114 2495 2215 2557 Epi-

1175 2563 1290 2617 scopo
1321 2559 1558 2603 mandatam
1592 2557 1712 2600 haber
1744 2552 2060 2617 iurisdietionem
2087 2583 2097 2593 .
2131 2551 2216 2593 Pri-

1175 2619 1245 2663 scis
1275 2618 1390 2662 enim
1413 2616 1703 2671 temporibus,
1733 2623 1912 2666 exceptis
1934 2610 2216 2673 Sacramenta-.-

1176 2677 1280 2721 libus
1313 2674 1551 2720 muneribus
1585 2705 1599 2727 ,
1645 2669 1789 2714 omnia
1822 2668 1889 2712 sub
1920 2667 2216 2710 Archidiaconi

2104 2734 2219 2779 pote-

1781 2838 1901 2849 ——u.

1387 2839 1780 2854 -μ

1218 2882 1304 2925 (g)
1340 2883 1376 2909 C·
1415 2880 1479 2910 ult.
1506 2878 1543 2909 ele
1562 2877 1624 2919 fer.
1651 2876 1690 2905 C.
1715 2871 1991 2913 pronunciandum
2016 2869 2054 2900 de
2077 2868 2219 2905 Consecr.

1173 2924 1243 2966 dist.
1274 2935 1301 2963 3.
1329 2921 1427 2966 Gloff.
1454 2925 1487 2953 C.
1516 2922 1557 2952 ad
1584 2923 1725 2952 honorem
1750 2926 1816 2951 ver.
1843 2917 1885 2948 ad
1900 2917 2044 2947 honorem
2063 2913 2099 2944 de
2111 2908 2221 2943 aude-

1174 2972 1232 3003 rit.
1257 2969 1297 3001 (θ’
1320 2969 1381 3007 usu
1407 2967 1515 2999 Panis·
1540 2969 1572 2996 C.
1602 2976 1631 2997 2.
1660 2962 1725 2994 eod.

1221 3014 1295 3054 [h]
1326 3016 1361 3044 C.
1391 3014 1470 3044 licet
1494 3013 1680 3053 plerumque
1706 3004 1777 3047 elist-
1800 3017 1852 3046 45.

1219 3062 1233 3099 [
1252 3060 1264 3088 i
1284 3060 1298 3096 J
1323 3055 1401 3098 D'st
1415 3068 1470 3096 40.
1486 3064 1540 3099 per
1556 3065 1613 3087 ros.
1632 3055 1764 3084 Cle-ma.
1780 3052 1815 3083 dn
1828 3049 1904 3081 vita
1920 3069 1930 3083 ,
1944 3045 1982 3078 (θ’
1997 3042 2113 3085 honest.
2127 3044 2221 3077 Prel-

1217 3102 1299 3144 [k]
1325 3104 1443 3137 Can-1.
1469 3103 1548 3135 Can·
1574 3100 1616 3133 ad
1641 3099 1693 3130 hoc
1717 3097 1754 3131 de
1782 3092 1836 3140 off.
1861 3091 1994 3126 Archid-
