2451 3470
192 184 360 249 populi,
393 181 457 235 (a)
486 179 530 223 ἃ.
559 175 760 220 Tacitus:
796 171 1034 237 Nan-regno
1064 176 1195 229 famen
1223 192 1236 215 ,

197 261 321 303 neque
351 241 567 287 Distatura
589 267 600 286 ‚
628 234 700 289 βά
730 231 936 286 Pranctpts
965 237 1117 268 nomme
1147 235 1235 260 con·

190 305 380 364 stitutum
409 293 628 354 Rempubl.

419 414 461 458 C
520 411 559 455 A
621 408 651 451 P
709 406 754 448 U
813 403 858 445 T
946 399 1026 443 IV.

432 501 499 546 De
528 494 716 550 Principe
745 492 1038 534 Romanorum.

303 585 496 644 Rincipis
527 571 666 626 autem
696 590 853 621 nornen
885 567 1243 633 adeo-proculerat

200 592 285 697 P
324 666 347 693 a
378 650 516 701 Rege,
549 652 593 703 ut
622 637 793 680 florente
818 635 921 687 Rep.
949 632 1193 691 tribueretur
1207 640 1244 669 ei

205 707 278 766 qui
310 703 553 763 praecelleret
584 706 691 739 inter
721 693 967 741 Senarores,
999 698 1151 742 quippe
1183 696 1244 726 to-

204 767 290 811 tius
329 760 460 807 vel-uti
503 757 672 800 Senatus
702 760 823 805 caput
855 746 1046 799 Princeps
1076 743 1248 786 Senatus

203 839 232 867 a
263 819 441 866 Censore
460 811 757 872 appellabatur·
792 799 1246 863 Quocxempio&1m-

206 891 371 938 perator
403 874 593 926 Princeps
620 864 957 919 nuncupabatur,
990 871 1186 923 tanquam
1204 872 1246 899 in

207 938 306 982 urbe
349 933 543 978 Primus.
588 926 674 979 (b)
717 920 836 977 Quod
867 933 1027 975 egregie
1060 928 1175 959 notat
1204 914 1249 957 δι’.

206 995 331 1052 ipsius
372 987 536 1034 Tiberii
568 982 700 1028 verbis
730 977 939 1033 distinguit
970 975 1084 1039 Dion
1111 1005 1123 1027 ,
1155 987 1250 1017 cum

201 1051 360 1100 refert,
394 1045 627 1099 Principem
659 1040 828 1082 Senatus
859 1035 941 1078 ritu
974 1032 1101 1092 prisco
1134 1046 1252 1074 voca-

211 1124 305 1154 tum
319 1103 553 1155 Tiberium,
568 1097 832 1150 eundumque
849 1092 982 1135 dicere
996 1088 1254 1143 consuevisse,

211 1166 451 1210 Dominum
487 1161 522 1204 se
552 1157 626 1201 effe
660 1155 892 1203 servorum,
925 1163 1023 1207 quos
1054 1147 1253 1200 habebat,

213 1227 513 1280 Imperatorem
527 1214 732 1265 militum3
747 1222 973 1254 ceterorum
992 1222 1090 1268 vero
1106 1204 1253 1248 Princi.

214 1298 338 1340 pem,
370 1279 448 1323 hoc
478 1275 531 1320 est
547 1285 666 1328 caput
693 1268 871 1313 civium.
907 1263 1027 1306 Talis
1051 1263 1251 1305 nimirum

209 1341 267 1384 est
299 1340 556 1393 Imperator,
589 1328 751 1387 qualern
785 1326 818 1368 se
834 1322 1094 1381 profitebatur
1108 1321 1245 1364 Auria-

212 1411 294 1442 nus
337 1396 414 1448 (c)
459 1393 502 1436 in
541 1388 742 1433 concione
773 1383 816 1427 &
847 1384 890 1425 in
922 1381 1074 1424 Senatu
1100 1411 1114 1433 ,
1160 1394 1253 1421 curn

217 1453 359 1512 palam
390 1450 591 1500 ediceret,
625 1446 659 1489 se
691 1442 896 1496 Rempub.
928 1439 984 1482 ita
1017 1438 1218 1500 gesturum
1244 1469 1255 1489 ,

207 1526 255 1558 ut
289 1511 430 1562 sciret,
475 1500 613 1562 populi
658 1517 745 1545 rem
776 1499 880 1552 esse,
913 1511 998 1540 non
1024 1510 1256 1550 propriam.

210 1572 330 1616 Hinc
361 1568 402 1611 &
439 1561 670 1609 Alexander
691 1552 1209 1611 Severusdispensationem
1225 1552 1257 1596 se

210 1626 423 1685 publicum
470 1639 511 1666 re
546 1617 751 1672 verbisque
782 1613 963 1658 ferebat.
997 1610 1259 1666 Dispensator

212 1701 313 1730 vero
347 1683 477 1726 servus
508 1691 595 1722 erat
628 1675 676 1719 iis
702 1707 713 1728 ,
744 1673 790 1717 ad
823 1686 944 1729 quem
979 1669 1105 1712 totius
1138 1667 1253 1713 fami·

211 1743 280 1787 liae
312 1741 485 1785 rationes
514 1737 557 1780 ὃς
590 1732 736 1791 peculii
770 1726 1066 1774 administratio
1081 1727 1257 1783 pertine-

214 1802 311 1853 bat,
342 1811 386 1842 ut
419 1794 726 1849 intelligamus,
760 1805 842 1831 non
876 1785 1091 1830 arbitrium
1115 1784 1266 1839 Reipu-

211 1858 356 1910 blicae,
387 1854 491 1910 quod
522 1864 608 1895 erat
642 1862 761 1905 penes
793 1848 831 1889 S.
864 1846 904 1888 P.
933 1847 983 1900 Q
1009 1846 1058 1884 R.
1093 1843 1152 1887 sed
1185 1843 1267 1886 mi-

220 1914 435 1959 nisterium
486 1921 646 1952 tantum
690 1905 806 1948 illius
850 1904 897 1951 ad
932 1905 1266 1956 Imperatorem,

219 1972 355 2018 delato
387 1967 599 2025 Imperi03
636 1962 878 2022 pervenire.

446 2082 488 2128 C
546 2082 588 2125 A
647 2080 679 2124 P
736 2080 781 2121 U
841 2077 886 2120 T

525 2167 640 2222 Quid
662 2164 718 2221 sit
747 2166 962 2222 imperare.

1002 2076 1060 2119 V,

226 2259 328 2364 C
365 2316 470 2358 statis
483 2321 856 2368 temperamentum
871 2340 883 2362 ,
899 2307 1125 2363 imperandi
1144 2321 1270 2362 quam

227 2372 395 2429 jubendi
426 2372 547 2415 verbo
578 2368 725 2412 melius
755 2365 1031 2421 exprimitur:
1065 2364 1160 2421 quia
1191 2363 1270 2406 rni-

230 2434 312 2477 tius
342 2431 396 2475 est
426 2430 652 2485 imperare,
683 2440 807 2482 quam
837 2422 1000 2476 jubere,
1032 2422 1272 2465 utobserva-

542 101 681 156 DE
763 82 1308 147 ROMANO
1393 81 1978 138 IMPERIO.

1288 159 1582 217 significatione
1609 174 1687 213 prae
1700 159 1841 202 ceteris
1864 157 1985 201 verba
1998 154 2205 201 locantes.
2235 157 2337 202 Un-

1288 218 1336 262 de
1369 217 1528 261 Paullus
1560 217 1647 269 (d)
1677 231 1726 259 ex
1759 216 1881 259 verbo
1914 217 2088 271 Impero,
2120 214 2335 261 fideicom-

1290 275 1452 320 missum
1483 275 1598 318 docet
1629 285 1820 317 emanare
1853 304 1865 327 ,
1897 272 2004 330 quod
2036 272 2220 330 rogantis
2251 273 2335 318 fere

1290 333 1338 377 sit
1366 350 1378 387 3
1412 348 1497 377 non
1530 332 1710 389 legatum
1736 363 1748 383 ‚
1792 330 1900 386 quod
1931 330 1985 374 est
2015 328 2217 382 jubentis.
2249 333 2335 385 (e)

1291 393 1507 449 Propterea
1529 390 1723 441 Cujacius
1745 387 1822 443 (f)
1856 386 2086 444 Principem
2107 406 2131 433 a
2145 390 2337 433 Domino

1292 449 1391 493 indes
1408 448 1661 504 distinguit,k
1684 447 1790 502 quod
1820 445 2188 501 dominusjubeat,
2220 445 2337 502 prin-

1292 523 1384 564 ceps
1427 507 1598 562 imperet
1624 522 1633 547 z
1667 504 1855 561 quamvis
1887 503 1992 559 apud
2023 504 2203 549 aufiores
2234 503 2338 548 alios

1294 565 1340 608 in
1383 566 1604 618 verborum,
1644 562 1891 618 proprietate
1935 560 2175 607 remissiores
2204 563 2338 614 iubere

1292 623 1337 666 ὃς
1376 623 1566 678 imperare
1610 618 1916 664 confundantur
1941 650 1953 661 .
1995 618 2133 661 Novit
2166 635 2262 664 vero
2292 619 2340 664 &

1295 679 1516 736 diligenter
1539 675 1979 726 eorumldifferentiam
2006 677 2168 720 notavit
2202 679 2342 720 Anto-

1298 739 1389 782 nius
1404 738 1556 792 Popma
1570 739 1632 792 (g)
1649 737 1795 779 docens
1809 767 1821 788 ,
1834 736 2024 789 imperare
2035 734 2111 778 esse
2125 749 2231 778 onus
2256 735 2341 778 im-

1299 811 1472 852 ponere,
1506 806 1550 838 ut
1563 793 1776 850 imperavit
1801 790 2081 845 frumentum;
2113 792 2245 845 jubere
2271 807 2344 835 au-

1298 867 1382 898 tem
1413 853 1486 896 esse
1519 852 1673 909 aliquid
1705 849 1921 894 necessario
1953 849 2058 893 velle
2079 881 2092 903 ‚
2124 863 2168 894 ut
2199 850 2344 893 bellum

1297 929 1344 955 ex
1384 910 1613 955 auam-itate·
1659 910 1830 952 Parrum
1868 908 2035 963 populus
2062 906 2172 963 itqffit
2197 939 2207 950 .
2241 908 2347 952 Non

1303 969 1538 1025 negaverim
1585 979 1762 1019 tamen,
1805 965 2006 1016 maiorem
2049 964 2130 1009 hoc
2172 965 2348 1012 verbum

1304 1026 1461 1070 traxisse
1491 1025 1729 1082 potestatem
1759 1023 1803 1066 ὃ(
1836 1022 1923 1065 vim
1957 1023 2007 1065 ab
2041 1023 2110 1067 usu
2144 1021 2348 1077 militari,

1303 1100 1399 1130 cum
1442 1084 1522 1128 dux
1556 1081 1758 1127 exercitus
1787 1080 1842 1123 ob
1872 1079 2148 1124 eminentiam
2165 1079 2348 1135 virtutis,

1304 1141 1486 1194 &laudis
1501 1174 1514 1196 ,
1546 1152 1659 1196 parta
1673 1136 1822 1194 insigni
1838 1137 2010 1180 vizstoria
2027 1170 2038 1192 ,
2056 1138 2215 1193 ingenti
2234 1138 2349 1194 plau-

1307 1201 1348 1243 su
1377 1199 1650 1254 appellaretur
1683 1199 1914 1253 Imperator
1943 1195 2073 1239 etiarn
2107 1196 2351 1252 Imperioin

1308 1258 1510 1313 republica
1540 1254 1788 1306 constituto,
1820 1251 1925 1308 quod
1949 1252 1994 1296 de
2009 1251 2132 1297 Blaeso
2148 1265 2353 1298 memorat

1305 1315 1477 1359 Tacitus
1503 1331 1516 1365 3
1561 1314 1646 1366 (b)
1688 1324 1732 1355 ut
1765 1311 1844 1354 hoc
1875 1310 1996 1352 verbo
2019 1310 2187 1354 ducibus
2219 1312 2352 1356 honos

1310 1371 1478 1416 militari
1509 1371 1688 1416 clamore
1719 1383 1957 1424 augeretur.
1990 1368 2109 1423 Quod
2131 1369 2263 1425 postea
2280 1370 2351 1413 Se-

1309 1427 1941 1474 natusconfulto-confirmabatur
1958 1458 1965 1467 .
1980 1428 2034 1479 (ι)
2054 1428 2190 1482 Quem
2209 1429 2355 1483 Augu-

1310 1491 1385 1532 stus
1417 1488 1617 1531 honorem
1651 1485 1776 1529 vicies
1809 1484 2226 1527 circiteramilitibus
2240 1500 2356 1529 acce-

1311 1559 1447 1602 perat·
1478 1547 1544 1597 (le)
1579 1545 1636 1588 sed
1668 1559 1716 1586 eo
1749 1558 1884 1595 anno,
1917 1557 1997 1597 quo
2029 1543 2222 1598 quintum
2237 1545 2355 1586 Con-

1312 1604 1365 1646 sul
1399 1602 1476 1646 suit
1509 1635 1520 1652 ,
1554 1599 1819 1658 Imperatoris
1845 1600 2015 1642 titulum
2040 1600 2082 1642 in
2112 1613 2355 1656 perpetuum

1314 1661 1477 1716 suscepit
1529 1661 1604 1712 sl)
1647 1658 1694 1702 ad
1737 1656 2022 1712 explicandam
2066 1658 2356 1702 extraordina-

1314 1720 1414 1762 riam
1435 1718 1671 1773 potestatem
1683 1730 1909 1766 armorum,
1923 1715 1967 1757 in
1981 1731 2102 1771 quem
2119 1716 2231 1759 usum
2247 1716 2357 1761 idern

1315 1776 1456 1820 titulus
1487 1775 1635 1819 Caesari
1666 1772 1827 1825 fuerat,
1858 1771 2017 1827 ejusque
2038 1773 2260 1828 posteritati
2279 1774 2356 1817 tri·
2391 1784 2395 1807 ¹

1317 1838 1456 1879 butus.
1490 1834 1589 1887 (m)
1620 1831 1734 1875 Hinc
1757 1829 1891 1885 postea
1916 1830 2001 1874 haec
2023 1846 2102 1874 vox
2134 1832 2360 1876 &summae

1318 1892 1520 1949 potestatis
1564 1888 1753 1933 militaris
1797 1888 2078 1942 exprimendae
2105 1890 2377 1946 vicefunge-s'
2412 1900 2415 1904 ’

1316 1953 1433 1995 batur
1465 1950 1508 1995 &
1539 1947 1768 1992 honorandi
1803 1947 1885 2001 post
1901 1945 2115 1989 vic'toriam
2132 1947 2269 2001 ducis,
2302 1938 2364 1990 ag-

1317 2024 1393 2064 que
1420 2007 1671 2063 ipsiusetiam
1689 2003 1858 2047 Caesaris
1870 2003 2097 2048 celebrandi
2117 2037 2128 2056 ,
2159 2005 2226 2060 qui
2244 1960 2363 2093 cotie}

1320 2069 1550 2121 imperator
1568 2061 1862 2120 appellabatur,
1877 2062 2093 2117 quoties,re
2109 2062 2283 2106 feliciter
2297 2079 2365 2119 g.-

1319 2125 1400 2177 sta,
1427 2123 1599 2167 militari
1627 2119 1927 2164 acclamatione
1941 2119 2046 2164 hanc
2063 2121 2366 2164 meruissetlau-

1318 2182 1409 2226 dem
1425 2215 1439 2236 ,
1462 2181 1568 2226 unde
1596 2179 2102 2233 Imperator111.1V.v.
2119 2195 2164 2222 ac
2177 2179 2367 2234 deinceps

348 2257 458 2310 Ujus
517 2252 733 2298 ministerii
784 2249 1011 2294 moderatio
1070 2248 1114 2292 &
1158 2258 1270 2304 pote-
1321 2257 1392 2297 pro
1416 2256 1592 2284 numero
1619 2235 1887 2281 victoriarum
1920 2236 2211 2280 inscribebatur
2239 2270 2248 2280 .
2280 2238 2368 2289 (n)

1375 2299 1491 2344 Cum
1537 2313 1632 2341 vero
1678 2293 1945 2348 Imperatoris
1988 2310 2141 2337 nornen
2173 2294 2222 2337 ad
2252 2309 2367 2350 pote-

1321 2356 1462 2400 statem
1515 2352 1821 2407 significandam
1854 2351 2151 2404 adhiberetur3
2194 2367 2238 2394 ea
2274 2367 2372 2396 voce

1291 2423 1297 2478 j
1323 2428 1407 2458 non
1443 2414 1663 2457 veniebant
1695 2409 1802 2464 regia
1819 2410 2012 2464 potestas,
2045 2422 2090 2452 ut
2106 2409 2211 2453 male
2230 2410 2367 2453 Tille-

230 2506 275 2536 xe
306 2489 402 2534 licet
432 2487 535 2545 apud
566 2485 693 2539 Jctos
714 2483 907 2540 primaeva
925 2511 938 2535 ‚
971 2480 1212 2537 propriaque
1227 2479 1271 2521 in
1322 2472 1507 2517 montius
1521 2504 1533 2527 2
1566 2473 1623 2525 (o)
1640 2470 1701 2523 ζ’)
1719 2467 1965 2512 Casaubono
1985 2466 2114 2511 etiam
2130 2468 2288 2512 auclore
2305 2470 2369 2523 (p)

229 2619 450 2632 —n—-—

281 2650 366 2692 (a)
390 2651 467 2682 vide
491 2645 697 2679 causaubon.
721 2646 757 2676 in
780 2653 848 2677 not.
873 2644 917 2677 ad
941 2642 1104 2686 Spaniam
1125 2649 1161 2683 p,
1178 2643 1228 2680 36,

276 2695 360 2738 (b)
386 2693 473 2735 Lips.
498 2693 534 2724 in
560 2693 673 2724 Tacit.
699 2690 775 2732 p.6.

276 2742 353 2782 (e)
380 2738 543 2781 Spartian.
571 2738 607 2768 in
634 2733 768 2768 Adrian.
794 2738 862 2776 cap.
879 2734 913 2767 8.

278 2786 363 2827 (αἱ)
388 2784 445 2817 [ab.
472 2794 504 2822 4.
527 2783 612 2823 sem.
639 2781 696 2813 tit.
725 2788 756 2810 1.

272 2832 354 2872 (ε’)
378 2831 454 2863 vide
478 2829 606 2860 omnino
631 2824 752 2859 Alciat·
779 2824 802 2855 Ι.
830 2832 861 2862 7.
887 2833 912 2856 c.
931 2832 981 2862 ις.

273 2879 353 2920 (f)
378 2878 420 2910 ad
443 2874 502 2908 lib.
526 2884 578 2913 19·
605 2869 708 2916 quest.
734 2869 849 2912 Papin-
875 2871 900 2903 l.
928 2878 1029 2901 unum
1055 2878 1092 2900 ex
1111 2867 1196 2910 fam.
1218 2869 1273 2906 67.

265 2947 269 2953 ,
298 2925 334 2955 de
359 2924 388 2955 12
415 2947 421 2952 .
454 2931 482 2952 2.

229 2924 259 2967 fl
276 2969 363 3010 (g)
388 2934 425 2999 ἕε
450 2961 557 3008 differ.
582 2960 669 2996 verb.
695 2959 752 2993 lib.
771 2970 800 2999 3.

1150 2610 1273 2624 ⁴—-—=---

311 3013 360 3053 h]
386 3011 442 3045 lib.
475 3019 504 3049 3.
533 3010 643 3040 annal.

307 3059 350 3098 ι’)
377 3059 486 3099 Sigon.
511 3055 549 3086 de
576 3053 637 3090 jur.
664 3050 809 3096 provinc.
838 3047 899 3084 lib.
917 3059 950 3080 2.
976 3054 1094 3091 capff.

300 3105 355 3144 k)
378 3101 512 3138 casaub.
540 3101 575 3131 in
602 3103 694 3132 Svet.
721 3095 778 3131 lib.
811 3105 848 3144 ι..
864 3107 891 3127 c.
916 3099 968 3134 7⁶.

277 3150 350 3190 (l)
374 3150 461 3182 Dion
504 3144 560 3178 tib.
590 3154 640 3184 52.
666 3152 699 3186 p.
725 3151 802 3182 493.
828 3144 867 3175 Φ·
887 3140 955 3183 seq.

270 3196 347 3236 (m)
372 3196 460 3229 Dion
498 3189 558 3225 lib.
584 3200 637 3231 44·
666 3196 701 3232 p.
724 3196 802 3228 235.

273 3017 297 3098 ἑ

279 3107 297 3144 <

2266 2542 2363 2570 culn

1321 2606 1432 2616 ——-——
1918 2598 1945 2607 .-

1365 2635 1451 2676 (n')
1475 2633 1564 2666 Dion
1589 2638 1656 2664 eod.
1682 2630 1740 2666 lib.
1761 2633 1836 2671 236.

1367 2681 1446 2722 (ο)
1471 2682 1506 2710 in
1534 2676 1672 2720 August.
1698 2688 1767 2710 are.
1795 2686 1824 2715 3.
1950 2712 1951 2715 Ἰ

1367 2726 1450 2767 (⁴²)
1488 2727 1577 2756 Tota
1614 2722 1655 2753 lis
1697 2732 1772 2754 curn
1810 2717 2038 2753 Tillemontio
2063 2716 2096 2750 in
2123 2716 2249 2752 fumum
2274 2717 2370 2759 abit,

1320 2773 1398 2814 quia
1438 2768 1589 2806 Gravina
1626 2766 1692 2800 sola
1728 2764 1869 2807 imperia
1904 2763 2055 2798 obsoluta
2096 2765 2187 2806 regni
2240 2764 2375 2796 nomine

1320 2817 1477 2859 dignatur
1499 2836 1512 2854 ,
1548 2823 1625 2846 curn
1665 2809 1907 2845 Tillemontius
1943 2809 2027 2842 illud
2065 2809 2168 2841 etiam
2212 2809 2374 2842 limitans

1322 2863 1448 2896 tribuat
1472 2883 1483 2900 ,
1525 2869 1542 2891 e
1579 2868 1721 2900 quorum
1760 2865 1902 2889 numero
1925 2863 2011 2888 ‚tum
2039 2856 2182 2886 omnino
2203 2862 2274 2887 erat
2303 2858 2371 2887 Im-

1322 2909 1450 2949 perium
1503 2908 1691 2937 Romanum
1720 2926 1732 2942 ,
1783 2911 1886 2942 quum
1941 2901 2081 2942 potestas
2125 2902 2371 2942 Imperatorum

1323 2953 1394 2995 lege
1432 2949 1534 2992 Regia
1569 2947 1896 2981 circumscriberetur
1920 2967 1934 2987 ,
1976 2955 2081 2988 neque
2121 2944 2155 2976 in
2192 2945 2238 2977 rei
2278 2945 2375 2978 exitu

1323 3005 1525 3040 magnopere
1561 2992 1714 3027 interesse
1751 2991 1885 3025 videtur
1916 3013 1929 3031 ,
1966 2999 2078 3023 utrum
2117 2992 2303 3032 Imperator
2329 2989 2378 3026 iu-

1323 3053 1359 3077 ra
1385 3039 1592 3079 Maiestatica
1616 3061 1628 3080 ‚
1665 3049 1739 3072 cum
1764 3036 1951 3070 exercitum
1975 3033 2200 3068 conscriberet
2230 3058 2242 3075 ‚
2283 3045 2379 3077 Pecu-

1324 3088 1416 3120 niam
1442 3093 1572 3130 cogeret
1604 3108 1616 3126 ‚
1654 3084 1740 3117 bella
1765 3081 1936 3124 susciperet
1962 3102 1974 3120 ‚
2014 3090 2126 3123 pacem
2156 3078 2275 3113 faceret
2300 3100 2310 3118 ‚
2341 3080 2379 3113 vi

1324 3131 1455 3175 imperii
1493 3130 1689 3174 explicuerit
1715 3151 1727 3169 ‚
1769 3139 1812 3161 an
1850 3126 1883 3160 vi
1919 3132 2103 3160 ceterorum
2142 3135 2315 3158 rrunerurn
2343 3124 2379 3158 in

1324 3177 1424 3222 ipssus
1452 3176 1590 3221 persona
1612 3172 1876 3215 eoniune'torum
1893 3195 1902 3206 .
1925 3171 2015 3216 (p)
2037 3172 2073 3205 in
2087 3173 2169 3214 sul.
2193 3171 2270 3213 σαί.
2296 3174 2379 3210 c-76.

2334 3334 2346 3390 l

2338 3393 2343 3414 s

2331 3420 2335 3433 ι
