2451 3470
607 111 921 163 LBER
1003 99 1851 160 SINGULARIS.

511 183 552 227 in
587 184 755 228 consilio
779 184 844 227 suo
865 184 1096 226 decerneret
1119 181 1208 223 Im·
1229 188 1237 241 t
1257 192 1280 219 a
1297 175 1517 219 dventante
1550 172 1672 217 refert
1699 190 1708 215 :
1743 174 1807 232 [d]
1838 176 2019 229 Cumque
2049 177 2138 219 urbi
2170 189 2312 235 appro-

497 257 580 284 non
627 258 676 285 ex
721 239 969 297 potentioris
999 237 1171 280 arbitrio
1195 266 1207 288 ,
1231 243 1283 288 lp
1308 233 1516 288 inquaret,
1547 231 1718 274 Senatus
1736 230 1865 285 officia
1884 262 1896 281 ,
1922 234 2226 289 reverendasque
2241 234 2315 291 pass

174 187 289 241 sule,
323 185 348 230 si
381 183 476 250 quid

168 256 328 302 perator
359 275 371 297 ‚
416 243 452 286 id

2236 120 2295 173 31

163 302 239 345 .sed
282 316 331 344 ex
378 298 533 355 legibus
565 331 577 352 ,
621 298 663 342 δε
707 313 755 342 ex
792 297 872 351 ipsa
906 292 1134 349 Republica
1168 293 1225 345 in¹
1255 291 1398 332 triciae
1419 287 1564 345 stirpis
1592 286 1741 343 effigies
1772 303 1832 331 ore
1856 288 1989 341 sereno
2020 294 2282 346 contemplans
2307 324 2323 345 2

173 358 377 405 Consules
409 356 558 399 collata
580 387 592 408 ‚
627 355 786 410 prodire
818 353 1023 396 videretur
1043 381 1053 393 .

232 416 382 471 Neque
417 411 801 467 Constantinopolis
826 441 838 464 ,
889 409 996 466 quod
1036 406 1212 450 alterum

174 472 403 516 Consulem
460 472 661 526 acciperet
699 500 710 522 ‚
765 479 978 524 propterea
1030 467 1212 508 Romam

172 530 394 585 aequabat:
429 540 518 571 turn
567 526 663 582 quia
707 525 859 580 primas
903 524 947 567 in
989 520 1214 565 honoribus

174 586 329 630 ferebat
360 584 516 629 Consul
550 586 695 627 Romae
727 594 885 626 creatus
910 613 921 634 ‚
955 593 998 624 ut
1030 595 1081 623 ex
1116 579 1213 621 Pro-

174 644 295 699 copio
326 643 498 687 Grotius
532 640 655 684 refert
684 655 696 693 3
728 640 793 691 (a)
824 652 914 682 tum
945 637 1041 693 quia
1073 638 1212 680 Zona-

171 716 234 744 ras
276 701 362 752 (b)
409 698 687 754 principatum
721 698 866 738 Romae
897 692 1123 738 remanfiffe
1155 703 1213 735 te-

174 758 332 809 statur,
362 767 567 810 utcunque
598 751 898 796 Constantinus
931 752 1064 795 secum
1095 749 1213 792 Con-

175 812 489 867 stantinopolim
539 808 789 852 transtulerit
830 807 1075 852 exercitium
1115 804 1213 857 juris

176 867 441 925 Imperatorii
477 870 622 910 Romae
653 864 857 909 radicibus
890 865 970 908 suis
1000 862 1213 917 haerentis,

174 926 283 981 quod
312 924 361 968 ad
392 924 503 968 aRus
534 922 789 978 Reipublicae
821 921 1060 967 necessarios
1090 935 1212 975 expe-

171 981 340 1026 diendos
384 982 434 1026 ab
480 983 735 1036 Imperatore
768 979 901 1024 secum
933 978 1171 1022 trahebatur
1202 1007 1211 1019 .

170 1040 267 1094 Quo
315 1038 425 1083 sensu
455 1054 547 1082 eam
580 1036 894 1082 translationem
927 1034 1212 1091 accipiendam

169 1096 251 1141 esse
291 1095 408 1140 docet
456 1095 711 1139 Ammianus
758 1094 1071 1147 Marcellinus,
1114 1108 1212 1137 cum

172 1152 313 1198 scribit
338 1185 351 1207 ,
395 1155 580 1196 Romam
623 1167 717 1195 cum
753 1151 939 1207 Imperio
963 1151 1021 1198 *ab
1053 1150 1088 1194 se
1121 1165 1212 1205 par-

170 1222 217 1254 to
251 1209 325 1254 sese
356 1209 596 1254 commisisse
615 1209 843 1253 Caesaribus
864 1239 877 1262 ,
908 1223 992 1252 non
1013 1220 1211 1263 tanquam

172 1266 356 1311 dominis
386 1266 585 1310 ancillam
614 1297 627 1320 ‚
668 1266 736 1309 sed
766 1278 966 1322 tanquam
997 1276 1212 1320 parentem

175 1324 314 1368 liberis
346 1355 360 1378 ,
403 1339 476 1380 per
516 1322 707 1367 vifitorias
733 1338 875 1368 eorum
907 1323 952 1366 &
981 1321 1212 1366 militarem

175 1383 380 1426 virtutem
421 1396 506 1423 non
538 1379 776 1435 oppressuris
808 1393 987 1424 matrem
1013 1411 1026 1433 ‚
1077 1395 1209 1436 neque

159 1439 227 1483 ab
268 1438 379 1482 illius
418 1436 579 1493 gremio
610 1437 848 1482 convulsam
880 1436 1210 1482 dominationem

174 1495 225 1539 ad
256 1507 415 1539 exteros
441 1526 454 1548 ‚
497 1493 646 1550 sibique
681 1494 872 1546 subjettos
905 1494 1076 1549 populos
1101 1525 1113 1548 ‚
1159 1510 1210 1537 ex

175 1551 290 1608 vulgi
322 1567 457 1595 errore
483 1583 495 1606 ‚
529 1551 816 1606 translaturi33
849 1551 910 1596 sed
944 1551 1089 1603 majori
1113 1566 1209 1606 prae-

173 1609 274 1653 sidio
318 1621 465 1653 contra
507 1609 696 1653 barbaros
738 1609 962 1654 munituris
992 1609 1211 1652 austorita-

173 1679 263 1711 tem
293 1682 387 1710 eam
413 1697 425 1720 ‚
467 1681 551 1722 qua
579 1666 824 1710 exercitibus
855 1666 1059 1710 Romanis
1090 1666 1137 1709 ad
1169 1666 1208 1720 S.

174 1724 219 1767 P.
253 1723 306 1779 Q.
340 1726 393 1766 R.
425 1723 542 1767 usum
575 1724 765 1779 Princeps
795 1724 1023 1780 imperabat
1058 1756 1067 1766 .
1111 1721 1212 1766 Uibi·

173 1781 418 1825 venerabilis
456 1782 474 1833 (
517 1780 652 1837 inquit
682 1782 937 1825 Ammianus
968 1782 985 1832 )
1017 1782 1099 1832 (c)
1125 1779 1210 1836 post

166 1839 361 1894 superbas
389 1834 641 1892 efferatarum
669 1840 844 1895 gentium
869 1840 1038 1882 cervices
1057 1837 1211 1894 oppres-

167 1896 241 1950 sas
270 1926 283 1949 ‚
325 1891 507 1951 latasque
536 1897 636 1952 leges
666 1928 678 1951 ‚
715 1895 983 1950 fundamenta
1013 1896 1213 1938 libertatis

174 1952 231 1997 (9'
263 1954 479 1995 retinacula
503 1954 745 2010 sempiterna
775 1986 788 2009 ‚
828 1955 956 1998 veluti
995 1951 1109 2010 frugi
1131 1965 1207 2009 pa·-

174 2026 263 2053 rens
304 2010 360 2054 (9³
397 2011 571 2066 prudens
617 2011 674 2055 &⁴
715 2013 833 2056 dives
861 2011 1086 2065 Casa-ribus
1116 2023 1206 2053 tan-

174 2083 298 2123 quam
342 2067 478 2111 liberis
512 2068 601 2122 suis
642 2070 810 2125 regenda
844 2069 1078 2126 patrimonii
1119 2069 1210 2119 iura

169 2123 346 2180 permtfit
367 2156 376 2166 .
419 2127 519 2169 Haec
551 2125 679 2169 homo
710 2128 878 2171 Graecus
909 2159 922 2180 ‚
971 2142 1067 2170 cum
1100 2124 1210 2168 inter

173 2184 339 2225 Graecos
357 2180 559 2226 habitaret
581 2184 832 2239 Imperator.
857 2183 1077 2228 Nimirum
1097 2182 1209 2238 quia,

171 2239 243 2302 etsi
278 2241 415 2282 Roma
446 2239 587 2294 procul
620 2241 765 2285 abesset
799 2242 965 2296 persona
999 2241 1207 2295 imperan-

172 2308 228 2361 tis
253 2327 266 2349 ‚
299 2295 434 2339 nihilo
467 2309 607 2340 tamen
639 2297 777 2342 minus
809 2297 889 2354 ipsa
914 2298 1005 2341 urbs
1026 2312 1096 2353 per
1112 2312 1207 2341 eum

173 2368 376 2410 imperare
409 2354 627 2409 putabatur
659 2371 669 2396 ε
716 2367 760 2399 ut
810 2354 961 2398 clarius
991 2354 1125 2401 elucet
1156 2369 1206 2398 ex

173 2409 239 2454 his
265 2442 278 2465 ,
325 2426 413 2468 quae
444 2410 555 2455 idem
588 2410 747 2463 subjicit
773 2444 786 2466 ‚
831 2413 1006 2457 scribens
1038 2429 1047 2453 ε
1097 2412 1210 2455 Licet

173 2469 299 2523 occisae
332 2467 416 2522 sint
457 2468 586 2512 tribus
621 2480 851 2525 pacataquae
882 2470 1058 2513 centuriae
1091 2498 1105 2522 ‚
1153 2467 1210 2512 &¹

173 2527 284 2568 nulla
318 2523 603 2582 suffragiorum
634 2528 849 2570 certamina
878 2559 891 2580 ‚
926 2526 1000 2580 sed
1040 2527 1207 2582 Pompi-

173 2583 276 2625 liani
305 2584 465 2626 redierit
487 2583 682 2637 securitas
713 2585 893 2641 temporis
923 2599 939 2635 ‚·
980 2595 1052 2640 per
1081 2599 1210 2626 omnes

172 2652 304 2682 tamen
334 2653 521 2696 quotquot
545 2641 643 2695 sunt
670 2654 804 2698 partes
822 2655 1013 2685 terrarum
1034 2674 1046 2695 ‚
1077 2653 1120 2684 ut
1140 2641 1210 2683 do-

170 2698 284 2739 mina
309 2697 525 2754 suspicitur
556 2697 611 2740 &⁹
644 2701 778 2755 regina
800 2733 816 2754 ,
862 2699 917 2743 <9⁵
947 2699 1093 2755 ubique
1123 2699 1202 2741 Pa-

172 2765 278 2798 trum
309 2755 534 2797 veneranda
565 2756 731 2800 canities
762 2789 774 2810 ,
812 2758 1025 2813 populique
1056 2757 1208 2798 Roma-

173 2813 220 2855 ni
267 2827 403 2854 nomen
446 2812 759 2867 circumspesium
799 2814 856 2857 (J
903 2814 1165 2857 verecundum
1195 2843 1209 2864 ,

171 2869 215 2912 &
245 2868 314 2912 lib.
335 2870 460 2913 XV1.
494 2867 579 2912 haec
608 2869 656 2914 de
687 2871 964 2915 Constantino
993 2871 1040 2914 ad
1064 2870 1207 2914 urbem

490 3004 591 3013 ———

218 3036 301 3078 (a)
326 3036 383 3070 lib.
404 3048 434 3069 2.
451 3038 489 3070 de
511 3036 582 3075 jure
611 3036 694 3070 belli
717 3046 784 3081 cap.
801 3049 830 3078 9.
850 3041 910 3072 XI.
940 3016 975 3073 a:
987 3041 1023 3073 in
1048 3015 1115 3074 noi.

218 3081 278 3122 (b)
306 3085 428 3115 Annal.
457 3094 483 3123 3.
501 3083 536 3114 in
564 3080 723 3124 Constant.
738 3089 816 3127 pag.
834 3086 888 3123 84.

217 3126 274 3173 ge)
298 3126 355 3161 tib.
381 3136 591 3171 inunum-15.

1269 363 1348 389 non
1395 359 1439 389 ut
1482 346 1632 390 Cineas
1664 346 1732 387 ille
1762 344 1910 399 Pyrrhi
1941 346 2068 400 Regis
2097 345 2248 401 legatus
2279 350 2320 390 in

1269 420 1396 448 unum
1444 403 1613 447 coaflam
1659 402 1958 445 multitudinem
2004 402 2203 457 Regum3
2253 405 2318 454 [ω’

1260 462 1417 517 asylum
1446 460 1587 503 mundi
1616 460 1737 503 totius
1768 455 1893 514 adeffe
1941 457 2156 514 aestimabac
2185 491 2194 502 .
2227 453 2316 504 Ha-

1267 519 1408 562 &enus
1439 516 1742 570 Marcellinus,
1771 516 1842 574 qui
1876 516 2000 573 usque
2030 516 2078 559 a‘d
2110 516 2308 561 Theodo-

1269 575 1370 619 sium
1402 573 1508 618 vixit
1536 606 1545 618 .
1591 575 1648 617 Et
1695 573 1765 630 qui
1798 573 1981 619 Honorii
2017 585 2201 629 tempore
2236 575 2313 617 flo-

1269 633 1349 675 ruit
1394 631 1649 675 Claudianus
1697 630 1887 674 nativum
1920 662 1934 685 ,
1987 646 2034 675 ac
2080 630 2320 687 legitimum

1281 701 1603 744 perpetuumque
1638 687 1807 743 Imperii
1843 686 1970 732 solum
1993 719 2005 742 ,
2038 687 2106 731 etsi
2141 688 2208 730 suo
2232 703 2318 731 aevo

1274 745 1378 790 alter
1422 748 1655 800 Imperator
1699 744 2065 799 Constantinopoli
2109 744 2315 799 degeret,

1264 805 1449 847 Romam
1482 814 1620 845 tamen
1663 801 1782 844 unice
1810 802 1993 857 agnoscit
2019 801 2081 844 his
2108 801 2316 853 verfibu33

1317 861 1447 914 ,Quem
1473 870 1606 915 precor
1652 859 1709 902 ad
1731 857 1857 913 finem
1889 860 2040 903 laribus
2053 858 2231 913 sejunsla
2246 870 2319 914 po-

1435 915 1550 971 testas

1316 975 1469 1018 Exulat
1486 1005 1499 1028 ‚
1530 973 1814 1029 imperiumque
1839 973 1928 1027 suis
1952 989 1972 1017 e
1987 971 2146 1027 finibus
2169 975 2249 1015 exit
2277 976 2299 1001 2

1261 1033 1398 1075 Roma
1439 1031 1553 1077 enim
1597 1029 1673 1074 ille
1717 1030 1939 1086 imperium
1982 1029 2098 1073 velut
2128 1043 2148 1071 e
2182 1028 2296 1072 fonte

1261 1104 1428 1133 manare
1459 1087 1558 1132 alibi
1589 1087 1741 1141 docet,
1775 1087 1994 1144 inquiens:

1316 1147 1529 1190 Armorum
1559 1146 1763 1201 legumque
1787 1155 1956 1202 parens,
1988 1159 2070 1198 quae
2093 1141 2235 1198 fundit
2254 1143 2299 1187 in

1378 1220 1508 1247 omnes

1320 1262 1556 1317 Imperium.

1261 1317 1361 1362 Alio
1393 1335 1440 1363 ue
1472 1319 1564 1361 loco
1596 1331 1666 1371 per
1697 1315 1904 1359 Caesarum
1936 1314 2189 1359 creationem
2210 1330 2298 1358 non

1259 1374 1353 1419 avul
1376 1392 1444 1420 um
1490 1391 1512 1418 a
1547 1373 1731 1418 Patribus
1764 1371 1995 1427 Imperium
2028 1372 2144 1415 docet
2179 1403 2192 1424 ,
2238 1372 2300 1415 sed

1261 1432 1497 1476 societatem
1530 1431 1641 1475 illius
1674 1430 1784 1474 inter
1816 1430 1953 1473 Patres
1983 1429 2027 1472 ἃ.
2059 1428 2294 1483 Principem

1260 1490 1409 1535 initam
1453 1489 1518 1533 his
1550 1488 1725 1532 versibus
1756 1487 1804 1531 ad
1836 1486 2077 1531 Honorium
2111 1488 2301 1540 Impera-

1260 1560 1420 1602 torem,
1453 1545 1652 1603 simulque
1685 1543 1915 1589 Consulem
1950 1542 2249 1599 pertinentibus
2283 1559 2294 1585 τ

1316 1632 1333 1639 -
1366 1631 1383 1639 -
1419 1631 1437 1639 -
1465 1631 1483 1638 -
1515 1603 1712 1657 numeroso
1745 1602 1917 1656 Consule
1947 1600 2098 1654 Consul

1316 1662 1530 1719 Cingeris,
1563 1660 1619 1704 (θ’
1643 1661 1768 1716 socios
1788 1659 1944 1715 ‘gaudes
1973 1659 2112 1701 habere
2139 1658 2300 1700 Patres.

1258 1720 1512 1776 Scriptorum
1570 1734 1690 1774 porro
1739 1715 1980 1761 testimoniis
2030 1715 2296 1759 consentiunt

1258 1789 1532 1821 monumenta
1582 1791 1718 1820 rerum
1761 1774 1962 1831 gestarum
1989 1803 2001 1826 ‚
2045 1788 2134 1829 quae
2176 1773 2301 1815 Sena-

1261 1847 1322 1878 tus
1368 1834 1658 1878 au&oritatem
1707 1832 1891 1888 pandunt
1922 1829 2050 1874 etiarn
2083 1829 2190 1872 inter
2221 1844 2300 1884 pu-

1259 1891 1384 1936 blicas
1427 1907 1486 1936 res
1531 1889 1733 1934 violentia
1778 1888 1950 1933 militari
1987 1903 2009 1930 a
2044 1887 2310 1930 barbarorum

1259 1949 1490 1994 incursione
1535 1948 1787 2004 perturbatas
1822 1978 1831 1989 .
1882 1943 2014 1996 Cujus
2059 1943 2313 1987 au&oritatis

1259 2006 1498 2062 exemplum
1534 2006 1683 2062 prodiit
1715 2003 1872 2047 illustre
1911 2001 2051 2045 saeculo
2079 2016 2200 2056 prope
2228 2000 2312 2054 post

1257 2065 1583 2108 Constantinum
1610 2095 1621 2116 ‚
1656 2077 1804 2116 nempe
1840 2061 1910 2103 sub
1943 2059 2124 2102 Arcadio
2155 2059 2197 2100 ὅ(
2220 2060 2308 2100 Ho-

1259 2122 1378 2165 norio
1412 2153 1422 2165 .
1471 2123 1548 2173 (e)
1581 2122 1674 2176 Quo
1707 2132 1892 2171 tempore
1924 2132 2018 2159 cum
2052 2115 2154 2170 ipsos
2187 2115 2296 2158 inter

1257 2179 1432 2223 Caesares
1462 2179 1509 2222 de
1544 2177 1716 2233 Imperii
1745 2175 1895 2219 finibus
1928 2184 2175 2224 certaretur,
2207 2187 2298 2215 mos

1256 2237 1449 2293 antiquus
1481 2235 1560 2279 fuit
1592 2233 1841 2278 revocandus
1875 2263 1888 2285 ,
1930 2229 2178 2285 Senatusque
2214 2232 2300 2272 Ro-

1258 2308 1405 2337 manus
1435 2291 1729 2344 consulendus,
1762 2302 1806 2334 ut
1840 2304 1908 2343 per
1942 2288 2179 2343 potestatem
2208 2287 2302 2329 Cre-

1259 2351 1363 2395 sarea
1385 2350 1733 2407 Imperatoriaque
1766 2345 1990 2399 majorem,
2022 2344 2114 2388 lites
2133 2358 2295 2394 eorum,

1258 2408 1386 2453 veluti
1438 2408 1629 2464 potestate
1663 2404 1794 2461 patria
1815 2435 1828 2458 ,
1861 2403 2085 2447 liberorum
2129 2413 2296 2444 contro-

1257 2465 1391 2510 verfiae
1423 2474 1769 2521 componerentur
1790 2495 1799 2506 .
1832 2462 1934 2516 Quae
1965 2460 1991 2503 si
2027 2458 2194 2514 potestas
2219 2472 2303 2500 un-

1256 2539 1380 2580 quam
1442 2521 1698 2575 corruisset,
1746 2519 1949 2573 resurgere
2005 2515 2123 2559 nullo
2171 2513 2295 2558 modo

1258 2580 1420 2624 valebat
1453 2579 1711 2635 Imperium,
1745 2577 1811 2619 ubi
1847 2574 1968 2619 semel
1997 2575 2301 2636 Imperatorum

1259 2637 1437 2692 ipsorum
1481 2636 1644 2681 dissidiis
1688 2632 1919 2679 inclinasset
1958 2632 2125 2694 ..Cum
2150 2640 2300 2693 ’igitur

1258 2694 1388 2738 Gildo
1420 2694 1636 2747 Africam,
1668 2707 1792 2750 quam
1827 2688 2007 2733 Honorii
2044 2701 2213 2730 nomine
2236 2700 2303 2727 re·

1259 2753 1407 2807 gebat,
1439 2764 1709 2806 occupaturus
1739 2764 1831 2792 cam
1863 2745 2041 2789 traheret
2073 2775 2086 2797 ‚
2120 2742 2185 2786 vel
2218 2754 2299 2784 tra-

1258 2810 1352 2854 here
1386 2809 1592 2852 simularet
1623 2809 1670 2851 ad
1705 2805 1928 2850 Arcadium
1961 2834 1974 2857 ‚
2006 2814 2125 2857 atque
2156 2799 2205 2842 ab
2235 2813 2308 2841 oc-

1257 2866 1450 2912 cidentali
1482 2866 1659 2910 avellere
1691 2863 1877 2962 studere}3
1898 2860 2077 2916 Imperio
2103 2873 2122 2908 ‚·
2156 2869 2215 2899 res
2237 2869 2310 2953 ihe-

1943 2933 1964 2961 2
2201 2924 2242 2954 tu
2278 2926 2302 2952 o

1567 2999 1673 3009 ——-
1692 2999 1798 3008 ..ι-
1819 2987 2303 3006 -———·..——-—·—·-----·⁶-······‘'⁴

1552 3010 1566 3017 -
1677 3010 1686 3016 .
1805 3007 1817 3013 -

1303 3035 1357 3072 (di
1385 3010 1458 3076 γεῖς,
1478 3045 1535 3076 70.
2055 3070 2060 3076 Ι
2171 3068 2177 3078 .
2228 3053 2271 3076 ,ι’

1257 3077 1574 3158 ςέξέἶηῗγηιιυηὴ.
1606 3075 1663 3112 ub.
1690 3089 1722 3118 4.
1756 3072 1858 3120 Fpiss.
1886 3085 1908 3113 4
1948 3068 2116 3107 claudun.
2157 3078 2192 3101 aa
2222 3066 2303 3136 otilo
