2451 3470
718 116 1694 173 OPUSCULA.
2168 130 2267 181 181

147 208 223 247 que
256 190 553 236 Tribunalium
595 191 643 237 in
687 193 991 237 Gratianeam:
1026 207 1105 248 qua
1143 191 1190 234 de
1241 194 1378 237 verit?
1413 191 1517 248 Quis
1550 194 1683 237 credat
1716 192 1906 238 homines
1937 196 2033 241 adeo
2066 200 2273 257 socordes,

149 249 396 293 Bononiensi
415 249 591 303 Schola,
626 251 704 294 five
730 251 776 294 de
793 248 1072 304 antiquissimo
1087 249 1188 291 divi·
1240 251 1308 306 qui
1352 265 1499 293 vocem
1538 250 1774 307 interpretis
1806 252 2018 296 Gratianei
2055 258 2138 301 non
2172 260 2278 304 tule-

149 306 194 350 ni
232 306 485 362 humanique
518 306 614 358 juris
645 307 819 361 aerario,
851 306 898 350 ad
918 307 1075 349 Gentes
1105 321 1191 348 ma·
1240 308 1325 351 rint
1354 339 1365 360 ‚
1398 320 1661 363 perrupturos
1691 324 1881 364 aggerem
1914 312 2169 365 antiquitatis
2190 349 2202 369 ,
2232 319 2276 360 &

150 364 272 406 navit
305 362 538 417 universas,
571 364 802 408 Bononiam
835 363 882 406 ad
909 361 1190 416 Theologiam
1211 396 1216 424 ἦ
1241 363 1491 419 superaturos
1524 365 1678 409 molem
1728 366 1904 419 obscurae
1937 366 2047 410 illius
2080 372 2276 416 eruditio-

149 421 192 463 &
228 420 598 475 Jurisprudentiam
630 421 839 477 ipsamque
867 418 1190 463 Humanitatem
1239 422 1302 463 nis
1333 454 1343 475 ,
1376 437 1464 477 quae
1495 422 1642 466 veteris
1673 422 1866 467 Ecclesiae
1902 424 2182 471 voluminibus
2215 431 2277 473 in-

148 477 424 520 hauriendam
457 477 641 534 undique
669 477 923 521 confluentes
946 506 956 517 .
1239 479 1426 522 cumbit?

206 535 361 578 Omnis
403 534 532 590 igitur
563 534 796 579 Gratianeo
837 534 884 577 de
915 532 1072 576 Codice
1108 548 1191 575 non
1299 537 1478 580 Utinam
1525 553 1620 581 vero
1667 536 1810 581 scholae
1858 538 2042 595 vulgares
2085 541 2166 587 tale
2207 559 2282 588 un-

150 591 330 635 exterior
373 592 497 635 modo
520 623 535 646 ,
579 591 638 643 sed
682 592 726 635 &
777 590 950 636 interior
980 585 1364 647 disciplinaiquam
1422 594 1725 642 adolescentum
1775 611 1959 639 examen·
1993 597 2234 644 emitterent
2267 633 2280 656 ,

147 648 239 691 fluit
272 649 314 692 δε
349 649 535 704 cognitio
566 664 791 692 munerum
825 649 1028 692 sacrorum
1056 665 1064 688 τ
1114 647 1186 690 flo-
1240 650 1357 704 quale
1391 651 1637 695 San&orum
1673 653 1838 696 Parrum
1875 654 1995 698 lectio
2031 656 2277 710 postularet:

148 705 287 761 resque
323 707 390 748 SS.
427 707 591 748 Patrum
627 705 819 748 omnium
854 706 1062 760 decerpere
1095 703 1328 803 hinc‘tum
1363 708 1476 750 enim
1511 724 1594 751 non
1630 709 1759 754 solum
1792 712 2020 763 Gratianus
2053 716 2278 767 eorumdi-

151 762 320 805 licuerit
357 762 541 805 utiliores
573 763 619 804 ad
668 762 876 817 publicam
909 762 953 804 δε
987 760 1191 815 privatam
1212 805 1218 818 ,
1243 763 1419 818 sciplinae
1451 765 1644 807 collestor
1675 767 1876 810 auditores
1908 770 2130 814 benevolos
2164 803 2177 826 ,
2212 789 2279 816 ve-

149 818 484 862 emendationem
529 819 766 860 animorum
797 849 808 860 .
866 820 967 872 Quae
1009 818 1192 860 universa
1213 819 1218 873 ξ
1242 836 1330 863 rum
1372 821 1415 863 ἃ.
1455 822 1684 874 ‚tribunalia
1709 856 1721 876 ,
1772 825 2025 878 magistratus
2055 859 2066 879 ,
2096 845 2142 872 ac
2172 829 2277 880 judi-

149 876 379 932 neglexerit
421 874 640 917 commoda
686 874 862 931 quisquis
911 875 1160 921 Gratianum
1181 875 1331 930 ,lees,
1363 878 1405 920 ὃς
1439 879 1560 922 curiae
1595 881 1806 935 praesules,
1840 884 1881 925 &
1915 885 2105 930 Ecciefiae
2135 889 2277 942 passim

148 945 219 976 aut
251 934 413 988 ignorat
444 932 620 974 omnino
653 962 666 983 ,
701 944 744 975 ut
776 947 885 974 nunc
917 930 946 972 ii
983 932 1218 986 maxime,²
1243 934 1413 978 rectores
1447 936 1686 980 invenirent
1721 938 1910 982 idoneos.

148 989 220 1045 qui
255 1004 425 1032 munera
453 988 733 1032 Ecclesiastica
751 987 1082 1040 concupiscerent
1103 988 1218 1057 plu-3
1298 992 1448 1046 Quales
1481 1007 1523 1036 ut
1557 994 1798 1050 quandoque
1850 1012 1919 1039 vos
1951 996 2151 1053 ingeniosi
2185 1001 2281 1045 ado-

148 1046 338 1100 rimum3
371 1057 440 1088 aut
477 1045 597 1089 illum
633 1046 831 1099 privatim
866 1045 935 1088 fibi
971 1044 1190 1100 legendum
1212 1047 1431 1097 {lescentes
1461 1051 1639 1095 evadatis
1672 1084 1683 1105 ,
1718 1052 1849 1096 nolite
1885 1054 1965 1109 spes
1998 1057 2174 1112 opesque
2208 1074 2275 1107 ve-

148 1103 309 1158 suscipit
341 1102 486 1159 procul
522 1119 543 1146 a
576 1103 831 1159 publicarum
865 1101 1108 1145 Scholarum
1132 1103 1192 1145 lu-
1240 1105 1333 1148 siras
1375 1108 1517 1150 ducere
1560 1124 1581 1150 a
1623 1109 1902 1164 sophistarum
1948 1111 2091 1155 scholis
2121 1146 2132 1167 ,
2178 1131 2276 1170 quas

149 1176 195 1204 ce
228 1177 274 1204 ac
308 1176 406 1204 voce
439 1160 723 1215 Praeceptoris.
759 1162 822 1203 Ut
851 1158 967 1203 enim
999 1159 1189 1214 quiGra-
1239 1162 1367 1206 adbuc
1403 1164 1649 1215 incoluistis,
1682 1167 1855 1222 quasque
1890 1184 1961 1222 pro
1987 1170 2277 1223 doetrinajam

147 1217 313 1261 tianum
349 1216 570 1273 negligunt
602 1216 762 1260 nullam
794 1248 805 1270 ,
855 1217 911 1260 ita
944 1217 1014 1271 qui
1046 1232 1190 1260 vocem
1239 1220 1396 1274 pridem
1444 1223 1659 1277 occupavit
1706 1226 1937 1278 arrogantia
1969 1225 2163 1284 fastusque
2207 1245 2278 1284 po-

149 1274 464 1329 interpretis.ad
487 1290 591 1320 ,eum
635 1274 704 1317 fibi
752 1289 835 1317 non
869 1272 1071 1316 advocant
1102 1290 1188 1317 cor-
1209 1302 1215 1343 3
1239 1276 1389 1331 pularis
1418 1294 1428 1330 3
1473 1294 1615 1322 verum
1647 1279 1729 1322 alio
1761 1282 1970 1336 quaesitum
2004 1286 2104 1327 eatis
2135 1317 2148 1338 ,
2193 1302 2280 1342 quae

154 1344 319 1386 ruptam
356 1332 398 1375 in
431 1332 656 1376 Ecclesiam
699 1332 742 1374 δί
788 1330 980 1373 vitiosam
1012 1331 1331 1376 dscnde
1365 1346 1447 1377 tam
1480 1351 1583 1378 vane
1625 1336 1967 1394 impudenterque
2005 1341 2275 1396 ostentantur,

154 1404 254 1431 nam
288 1388 409 1433 facile
429 1388 670 1442 attulerint,
707 1389 821 1443 seque
838 1387 1074 1430 deridendos
1094 1404 1188 1442 prae·
1240 1390 1429 1434 scientias
1461 1391 1640 1446 scilicet,
1673 1393 1717 1436 δι
1748 1395 2053 1450 eruditionem,
2088 1399 2165 1441 sive
2179 1415 2279 1454 grae-

154 1444 347 1499 buerint,
380 1460 464 1488 non
497 1445 674 1488 hostibus
700 1445 821 1488 modo
845 1445 1011 1497 nostris,
1046 1460 1190 1488 verum
1240 1464 1331 1490 cam
1355 1481 1367 1501 ‚
1402 1448 1479 1492 sive
1516 1449 1720 1502 latinam,
1753 1452 1834 1495 sine
1867 1452 2013 1507 quibus
2046 1471 2175 1510 neque
2195 1457 2282 1507 jura

148 1502 194 1545 ὃς
224 1502 512 1546 eruditioribus
543 1502 865 1546 catholicorum
900 1533 912 1555 ,
945 1503 1013 1558 qui
1048 1516 1190 1557 praeter
1238 1505 1351 1558 ulla,
1385 1506 1463 1549 sive
1495 1507 1668 1560 civilia,
1702 1508 1780 1552 five
1816 1508 1919 1553 sacra
1953 1511 2058 1554 recte
2094 1528 2280 1567 percepe—

146 1558 357 1614 publicam
392 1559 534 1603 curam
565 1577 588 1603 a
619 1559 804 1602 Summis
837 1559 1104 1618 Pontificibus
1123 1560 1190 1602 ad·
1239 1562 1329 1605 ritis
1355 1595 1367 1616 ,
1422 1579 1550 1618 neque
1584 1565 1705 1620 digne
1738 1579 1858 1622 atque
1894 1567 2050 1610 utiliter
2082 1571 2280 1624 gesseritis

119 1655 125 1659 ⁴.
148 1615 358 1669 bibitam,
391 1616 549 1672 privato
579 1617 722 1667 etiarn,
743 1617 878 1660 labore
910 1615 953 1659 in
986 1616 1068 1660 dies
1090 1629 1192 1660 rete-
1239 1635 1413 1662 munera
1440 1620 1552 1664 illius
1579 1621 1794 1677 Ecclesiae,
1827 1639 1914 1679 quae
1932 1641 2027 1668 cum
2050 1626 2147 1669 alias
2168 1643 2281 1671 com-

148 1685 252 1727 gunt
301 1673 527 1730 eluuntque
571 1674 688 1717 simul
738 1672 931 1718 Gratiani
964 1673 1145 1717 maculas
1178 1706 1191 1728 ,
1240 1676 1442 1732 plec‘iatur
1474 1678 1709 1732 universas,
1741 1696 1831 1723 eam
1866 1698 2025 1738 quoque
2062 1682 2208 1727 sacram
2235 1686 2279 1729 δὲ

148 1730 301 1786 partim
335 1731 513 1775 socordia
545 1731 666 1787 ipfius
700 1762 712 1784 ‚
745 1731 897 1786 partim
928 1747 979 1775 ex
1011 1731 1189 1775 aliorum
1239 1734 1405 1777 civilem
1438 1735 1694 1790 Sapientiam
1729 1737 1804 1781 suis
1826 1737 2022 1782 institutis,
2043 1742 2281 1796 profitetur,

151 1786 463 1832 colleffionibus
493 1789 537 1832 &
569 1788 784 1833 communi
816 1787 899 1840 ejus
927 1789 1054 1832 aetatis
1079 1804 1190 1833 erro·
1238 1807 1327 1848 quae
1357 1792 1405 1834 ad
1438 1805 1597 1836 tantam
1647 1809 1783 1837 rerum
1833 1796 2233 1841 administrationem
2267 1831 2280 1853 ‚

156 1859 200 1888 re
231 1846 484 1889 contraeatis.
811 1846 814 1852 '
1238 1848 1470 1905 taliumque
1502 1851 1712 1895 causarum
1743 1852 1785 1895 &
1817 1853 2183 1898 controversiarum
2214 1856 2277 1898 di-

205 1902 405 1946 Obtrudit
435 1905 552 1947 enim
584 1903 809 1949 Gratianus
843 1905 962 1948 nobis
976 1919 1192 1948 commen·
1240 1907 1532 1962 sceptationem
1566 1909 1931 1966 definitionemque
1966 1911 2216 1966 postulatur.

153 1957 265 2002 titios
308 1962 503 2005 Canones
543 1961 648 2005 haud
693 1978 840 2018 paucos
870 1995 882 2016 ,
941 1962 1192 2017 nominaque
1298 1965 1392 2018 Qua
1422 1966 1469 2008 de
1501 1966 1615 2009 causa
1649 1998 1662 2019 ,
1696 1965 1772 2009 suis
1802 1968 1852 2009 ab
1885 1968 2003 2022 usque
2039 1969 2274 2023 primordiis

153 2015 253 2058 falsa
304 2016 460 2068 subjicit
504 2019 682 2071 plurima
728 2035 800 2074 pro
850 2020 956 2063 veris
988 2051 1000 2072 ,
1048 2019 1194 2075 quibus
1240 2021 1422 2065 Ecclesia
1454 2024 1645 2066 Romana
1667 2054 1687 2075 ,.
1711 2037 1794 2065 non
1829 2024 1956 2068 solum
1992 2026 2191 2069 Divinam
2225 2029 2275 2070 ab

151 2072 295 2126 ignota
338 2074 396 2117 eis
440 2075 621 2118 instituta
672 2077 716 2119 &
775 2076 880 2120 faf’ca
938 2078 1194 2131 incomperta
1242 2078 1447 2133 Apostolis
1481 2079 1749 2122 transmissam
1783 2081 2035 2136 Sapientiam
2082 2096 2275 2137 perpetuo

151 2130 312 2186 prorsus
344 2144 461 2175 aetate
493 2132 663 2176 illorum
696 2134 909 2177 attribuit.
942 2134 1079 2189 Ipsum
1097 2149 1195 2188 prae-
1241 2135 1458 2179 custodivit
1490 2151 1504 2188 ς
1556 2137 1635 2179 sed·
1657 2137 1700 2179 ὃ(
1734 2136 1959 2183 humanam
1993 2140 2276 2196 undecumque

151 2198 261 2231 terea
293 2200 526 2244 temporum
559 2190 778 2234 confundit
811 2191 1026 2246 ordinem,
1059 2191 1195 2234 turba-
1242 2194 1467 2236 arcessitam
1522 2205 1642 2250 atque
1697 2194 1917 2238 collecqarn
1967 2196 2182 2251 complexa
2223 2199 2277 2241 est

154 2245 296 2300 vitque
350 2246 506 2290 sensum
551 2247 846 2291 vocabulorum
891 2280 903 2301 ‚
947 2248 990 2292 δε
1041 2263 1195 2292 nexum
1242 2250 1475 2307 universam
1510 2281 1522 2304 ,
1555 2265 1600 2294 ut
1632 2251 1801 2294 inventa
1849 2252 1991 2295 omnia
2025 2254 2277 2312 virtutesque

150 2314 479 2358 contextumque
512 2311 648 2349 rerum
679 2337 690 2357 ‚
734 2318 853 2361 atque
885 2306 1074 2349 locorum
1107 2322 1120 2359 ς
1153 2319 1195 2349 ut
1241 2322 1428 2351 veterum
1464 2306 1570 2350 sacra
1615 2308 1869 2363 potissimum
1909 2311 2150 2355 auctoritate
2184 2328 2277 2366 pro-

152 2357 224 2414 qui
259 2359 294 2402 se
320 2361 525 2404 Gratiano
550 2394 562 2415 ‚
609 2362 735 2417 spreta
761 2363 1019 2419 Praeceptoris
1050 2379 1149 2407 voce
1183 2395 1195 2417 ‚
1243 2364 1394 2408 texerit
1424 2363 1475 2407 ab
1507 2363 1667 2416 injuriis
1710 2366 1975 2410 barbarorum
2009 2370 2278 2427 omniadiri-

155 2416 398 2461 committat
427 2450 438 2470 ,
470 2419 502 2462 is
534 2431 705 2463 conetur
738 2421 883 2477 absque
916 2421 1195 2477 gubernaculo
1243 2422 1446 2478 pientium
1483 2453 1492 2464 .
1527 2424 1715 2477 Quorum
1749 2423 1928 2468 furorem
1964 2426 2167 2469 Pontificii
2201 2442 2277 2469 nu-

156 2471 377 2518 circumire
411 2475 520 2520 sirtes
550 2508 560 2528 ,
609 2477 679 2532 qui
717 2493 809 2521 vero
839 2480 1026 2521 ambiens
1049 2479 1193 2522 Eccle-
1243 2478 1367 2522 minis
1400 2477 1580 2528 maiestas
1612 2481 1818 2523 avertebat
1865 2498 1889 2525 a
1923 2482 2076 2537 scriptis
2107 2483 2150 2526 δε
2182 2484 2276 2526 aedi-

155 2528 304 2573 siastica
337 2548 508 2577 munera
540 2532 793 2578 Gratianum
821 2568 832 2587 ‚
867 2536 1014 2578 laboris
1047 2537 1191 2590 taedio,
1242 2535 1346 2579 ficiis
1375 2534 1541 2590 aliisque
1562 2538 1847 2580 monumentis
1864 2540 2146 2595 antiquitatis:
2177 2541 2275 2582 adeo

156 2585 335 2642 refugiat
362 2619 374 2640 ,
419 2589 450 2632 is
481 2603 588 2645 aut,
618 2592 669 2634 'tle
703 2608 816 2635 more
838 2626 850 2647 ,
882 2594 928 2636 fit
961 2593 1193 2649 ignoratam
1241 2607 1288 2636 ut
1334 2592 1523 2648 reliquias
1540 2625 1561 2646 -,
1605 2609 1702 2649 quas
1747 2595 1941 2639 habemus
1976 2596 2232 2652 Eloquentiae
2267 2630 2278 2649 ,

157 2642 229 2686 fibi
263 2643 522 2698 disciplinam
555 2649 823 2705 traRaturus,
855 2663 923 2694 aut
953 2650 1192 2694 eamincer-
1241 2649 1457 2704 Sapientiae
1484 2683 1496 2705 ,
1538 2667 1584 2694 ac
1615 2651 1945 2707 Magnificentiae
1977 2654 2121 2697 veteris
2147 2686 2159 2707 ,
2204 2655 2272 2697 nni

154 2712 199 2743 ta
233 2733 244 2753 ,
286 2700 484 2758 dubiaque
517 2705 587 2748 via
631 2706 789 2761 sparsim
820 2740 831 2762 ,
874 2708 917 2751 δε
949 2707 1191 2752 minutatim
1240 2707 1458 2750 debeamus
1503 2722 1608 2750 curae
1655 2710 1875 2764 pietatique
1909 2711 2155 2754 Pontificum
2191 2713 2275 2754 Ro-

156 2769 414 2813 correpturus
445 2776 493 2803 ex
528 2762 764 2818 immenfis,
796 2781 842 2808 ac
875 2765 1023 2819 variis,
1055 2766 1097 2808 &
1130 2766 1192 2808 in·
1242 2779 1461 2808 manorum
1485 2797 1498 2817 ,
1536 2765 1610 2821 ‚qui
1645 2782 1714 2820 pro
1749 2767 1812 2811 sua
1857 2767 2047 2821 potestate
2082 2767 2272 2811 falsorum

153 2814 283 2857 finitis
329 2828 514 2860 veterum
563 2820 730 2864 Patrum
764 2853 776 2875 ,
822 2823 1192 2879 Conciliorumque
1245 2824 1424 2865 Deorum
1459 2821 1562 2865 sedes
1583 2854 1594 2873 ,
1627 2822 1756 2877 impia
1790 2823 1989 2878 religione
2019 2823 2100 2875 iam
2133 2825 2272 2880 expia·
2307 2858 2310 2860 .

155 2870 441 2916 voluminibus
467 2906 479 2928 ,
534 2891 580 2919 ac
621 2888 708 2919 toto
750 2879 982 2932 quaesiturus
1025 2881 1193 2924 Oceano
1240 2892 1330 2933 tas,
1362 2878 1406 2921 8(
1437 2879 1673 2922 Christiano
1706 2881 1787 2923 ritu
1822 2880 2029 2934 lustratas,
2062 2897 2159 2924 vero
2187 2879 2271 2923 cul-

155 2944 278 2984 quam
314 2945 396 2973 uno
426 2931 645 2976 collee‘tam
691 2933 807 2977 alveo
839 2935 974 2991 piguit
1004 2938 1186 2993 explora·
1240 2936 1299 2979 tui
1332 2935 1637 2989 attribuerunt,
1669 2937 1710 2979 δε
1741 2937 1789 2980 ad
1820 2938 2056 2993 obsequium
2084 2937 2273 2981 Ecclesia:

154 3001 195 3028 re
228 3019 237 3029 .
270 2987 374 3041 Quis
407 2986 502 3032 vero
535 3002 620 3032 tam
653 2989 775 3033 fuerit
806 3007 973 3046 excors,
1005 3007 1050 3036 ut
1079 2994 1190 3037 labo·
1241 3004 1492 3035 vocaverunt
1524 2992 1774 3043 majestatem
1818 3010 1987 3038 omnem
2023 2995 2232 3050 pristinam
2258 3024 2271 3047 ,

154 3058 241 3086 rem
274 3045 322 3086 ab
354 3060 402 3087 eo
435 3045 504 3089 fibi
547 3046 788 3103 polliceatur
821 3048 1032 3093 infinitum
1061 3082 1072 3103 ‚
1121 3052 1188 3106 qui
1216 3049 1317 3092 ·s1ve
1342 3064 1544 3103 operum,
1575 3049 1653 3094 sive
1673 3050 2038 3104 indumentorum,
2070 3065 2157 3107 quae
2173 3065 2268 3093 cum

153 3100 556 3159 circumscriptum',
599 3104 642 3148 ἃ
677 3105 808 3150 levem
843 3104 1015 3151 tolerare
1047 3121 1188 3164 nequi·
1237 3105 1488 3150 Christianis
1531 3106 1713 3151 moribus
1757 3109 1806 3151 ab
1855 3108 1977 3152 initio
2015 3109 2226 3206 coaluegt
2260 3120 2279 3148 .’

2203 3178 2267 3207 inc
