2451 3470
205 122 317 174 186
660 109 1828 189 J.V.GRAV1NAE

193 194 343 238 liorum
365 191 412 235 ad
435 188 719 235 imitandum:
754 201 799 232 ut
832 188 928 230 hinc
951 186 1085 242 palam
1101 185 1237 228 Plato·
1282 198 1376 226 xere
1396 213 1408 236 ‚
1441 181 1622 226 numeris
1653 194 1877 239 utcumque
1896 182 2177 243 liberioribus3
2208 189 2311 233 Poe.

197 252 260 295 nis
288 262 479 307 arguatur
512 247 619 291 livor
638 279 649 301 ,
683 245 753 302 qui
781 244 955 298 gloriam
983 243 1236 286 summorum
1286 254 1360 300 tae,
1393 239 1462 295 qui
1494 239 1617 282 metri
1651 238 1738 296 lege
1757 241 2059 299 alligabantur,
2090 260 2312 290 numerum

194 309 415 353 Poetarum
451 337 463 359 ‚
508 307 633 363 quatri
670 303 744 346 suis
782 302 862 357 ipse
893 300 1066 343 versibus
1089 299 1236 356 assequi
1288 300 1400 340 suum
1432 295 1669 339 extulerunt
1695 297 1820 341 altius
1846 329 1859 352 ‚
1896 301 2208 360 orationemque
2239 318 2311 345 va-

195 366 393 422 nequibat
413 395 425 416 ,
449 362 657 417 ingeniosa
681 359 973 410 cavillatione,
996 357 1236 412 percausam
1285 354 1408 396 lidius
1439 353 1738 408 intenderunt,
1769 368 1816 398 ut
1847 371 1931 399 non
1966 358 2094 407 solum
2127 377 2149 404 a
2181 359 2313 416 vulgi,

196 420 420 466 honestatis
469 419 628 462 tuendae
655 449 668 470 ,
710 414 942 459 convellere
987 414 1235 457 conabatur.
1283 411 1347 474 sed
1388 426 1412 452 a
1454 410 1688 473 Rhetorum
1731 428 1892 467 quoque
1948 415 2130 460 sermone
2173 416 2314 473 procul

255 479 545 534 Quamobrem
578 474 752 516 varietas
782 487 975 525 morum,
1002 471 1074 526 qui
1089 470 1233 513 carmi·
1282 480 1398 530 trent·
1425 497 1462 530 ··
1491 469 1607 510 Hmc
1654 469 1871 512 vetustiora
1923 471 2117 516 poemata
2164 486 2317 517 naturae

193 551 247 580 ne
280 535 550 579 reddebantur
571 562 583 584 ‚
614 530 658 572 &
687 528 912 572 hominum
934 559 947 582 ,
976 530 1027 570 ad
1055 542 1159 583 -quos
1190 543 1236 570 ea
1285 539 1540 586 proximiora
1570 524 1662 567 sunt
1688 555 1704 578 ,
1735 526 1931 581 rebusque
1962 529 2188 584 similiora,
2219 546 2318 587 quas

193 592 477 647 dirigebantur
508 619 521 640 ,
582 589 688 630 inter
731 585 926 628 Latinam
965 586 1235 639 Graecamque
1281 593 1562 635 exprimunt:
1606 582 1722 625 Hinc
1767 584 1921 636 Lyricae
1964 586 2091 629 Poefis
2121 602 2317 633 numerus

192 649 349 693 Poesim
383 680 395 701 ‚
442 660 526 688 non
572 641 831 687 invent-ionis
872 654 1038 684 tantum
1070 641 1234 694 attulit,
1281 637 1477 693 posterior
1509 637 1587 680 fuit
1616 639 1794 682 heroicis
1841 642 2133 696 carminibus3
2178 645 2272 701 quia
2301 678 2318 701 ,

193 706 257 750 sed
289 700 572 754 eloquutionis
607 699 823 742 discrimen
857 699 984 752 illud,
1012 699 1122 754 quod
1139 713 1238 753 prae-
1284 694 1519 756 priusquam
1550 710 1774 739 numerum
1802 696 1986 753 aliquem
2030 700 2158 744 soluta
2187 703 2318 747 oratio

196 763 315 818 cipue
365 762 472 802 inter
500 761 735 801 Homerum
763 755 1064 811 &Virgilium
1097 756 1236 810 depre-
1286 751 1507 806 suscepisset
1545 783 1558 805 ,
1619 753 1840 797 sufficiebat
1895 756 2053 808 Lyricis
2104 758 2320 804 heroicum

198 819 432 863 henditur:
479 830 572 858 cum
619 813 837 857 sententias
874 813 921 856 ἃ
961 824 1237 865 ornamenta,
1285 821 1555 863 contorquere
1592 826 1764 853 carmen
1790 843 1800 854 .
1843 814 1903 854 At
1943 814 2152 870 postquam
2194 816 2319 872 Epici

205 891 291 932 quae
307 877 514 918 Homerus
547 871 764 926 sparserat,
794 869 1006 926 Virgilius
1024 872 1238 912 Romana·
1287 881 1505 909 numerum
1560 866 1776 912 heroicum
1830 868 2123 925 inflaverunt,
2177 873 2319 926 Lyrici

209 948 300 976 rum
334 932 494 974 aurium
529 928 644 971 causa
688 928 938 971 contraxerit
970 942 983 980 3
1028 939 1152 982 atque
1191 926 1239 970 ad
1282 938 1461 979 'quaerere
1494 923 1563 967 fibi
1596 939 1726 968 novos
1753 926 1797 969 &
1828 926 2014 971 elatiores
2046 929 2175 972 coaffi
2208 930 2320 976 fuere

206 1004 344 1033 mores
375 988 417 1030 δι
451 985 619 1042 ingenia
661 984 845 1028 retulerit
887 999 1030 1027 eorum
1061 1015 1077 1036 ,
1119 984 1187 1038 qui
1218 999 1240 1026 a
1289 995 1511 1042 numer083
1543 996 1620 1034 ne,
1652 981 1680 1023 fi
1712 982 1899 1026 heroicos
1932 985 2064 1028 adhuc
2094 998 2317 1042 tenerent,

207 1046 317 1091 Peefi
351 1060 435 1087 non
483 1043 675 1099 petebant
719 1041 924 1097 publicam
951 1072 963 1093 ‚
1006 1052 1075 1083 aut
1107 1041 1236 1094 priva·
1285 1052 1414 1092 aequls
1444 1039 1615 1093 passibus
1645 1054 1742 1082 cum
1765 1040 1907 1096 Epicis
1938 1043 2173 1087 viderentur
2203 1045 2320 1089 ince-

208 1117 294 1147 tam
341 1101 641 1145 institutionem
675 1130 687 1152 ‚
735 1114 861 1154 quarn
906 1097 978 1152 ipsi
1010 1111 1143 1140 marte
1176 1098 1242 1140 suo
1284 1094 1380 1137 dere
1404 1126 1414 1136 .

209 1161 483 1212 invenerth
518 1157 577 1200 sed
612 1168 772 1198 tantum
795 1154 1138 1198 delectationem:
1173 1170 1243 1197 ex-
1349 1151 1443 1196 Nec
1487 1152 1672 1196 numeris
1717 1162 1882 1198 tantum
1909 1186 1922 1208 ,
1967 1155 2029 1199 sed
2067 1157 2274 1202 vocabulis
2302 1191 2319 1214 ‚

204 1217 334 1273 ceptis
360 1216 517 1270 Lyricis
543 1213 675 1257 Poetis
700 1211 971 1268 &Elegiacis
996 1243 1009 1266 ,
1050 1211 1119 1267 qui
1152 1227 1242 1254 eam
1293 1220 1413 1273 atque
1444 1208 1604 1252 dicendi
1637 1212 1855 1266 generibus
1888 1213 2050 1266 Poetae,
2083 1230 2134 1258 ne
2166 1216 2324 1260 velhac

207 1287 337 1318 artem
371 1283 583 1317 verterunt
614 1270 658 1313 in
692 1284 778 1312 rem
830 1270 979 1322 suam3
1020 1268 1063 1311 δ(
1095 1269 1242 1312 carmi·
1292 1282 1335 1309 1n
1374 1280 1484 1323 parte
1517 1267 1675 1321 prorsus
1717 1284 1813 1312 cum
1856 1268 1979 1326 vulgo
2021 1271 2325 1316 confunderen-

203 1332 324 1375 nibus
367 1342 436 1373 aut
479 1327 760 1385 potentiorum
783 1357 797 1379 ‚
839 1340 940 1382 quos
983 1326 1192 1369 laudarent
1229 1357 1241 1379 ,
1293 1337 1385 1379 tur,
1417 1324 1621 1368 excellere
1649 1325 1913 1381 studuerunt,
1945 1326 2044 1370 adeo
2075 1328 2326 1385 utlinguam

208 1400 279 1432 aut
324 1387 547 1431 mulierum
580 1417 596 1439 ,
647 1399 746 1439 quas
788 1383 978 1426 amarent
1009 1413 1021 1436 ,
1070 1383 1244 1438 gratiam
1291 1397 1378 1426 non
1411 1382 1480 1426 fibi
1514 1394 1678 1425 tantum
1710 1385 1976 1438 pepererint,
2011 1385 2071 1428 sed
2102 1385 2146 1428 δι
2177 1387 2326 1430 Orato-

211 1446 458 1503 Plffi-umque
490 1442 708 1495 captabant
729 1472 739 1483 .
1292 1441 1403 1483 ribus
1431 1456 1442 1494 3
1470 1438 1542 1495 qui
1573 1455 1597 1482 a
1629 1440 1762 1483 Poetis
1784 1472 1800 1494 ,
1842 1456 2019 1497 quorum
2048 1442 2196 1498 scripta
2224 1458 2328 1499 prae·

272 1505 388 1545 Inter
419 1501 503 1543 haec
534 1499 576 1542 ἃ
610 1499 713 1541 ratio
745 1497 787 1540 in
808 1509 996 1540 mentem
1020 1496 1148 1551 subit,
1175 1513 1247 1541 cur
1291 1498 1488 1542 cesserant
1513 1529 1526 1551 ‚
1569 1496 1756 1553 linguam
1800 1514 1989 1554 accepere
2015 1529 2032 1552 ,
2074 1499 2325 1545 seleaiorem

208 1559 344 1605 Graeci
371 1558 526 1601 poesim
555 1568 653 1598 ante
679 1554 852 1597 solutam
876 1555 1110 1598 orationem
1143 1555 1242 1597 arri·
1296 1555 1413 1600 illam
1461 1566 1586 1611 atque
1640 1552 1900 1599 sublatiorem
1939 1555 2145 1611 longeque
2195 1557 2327 1612 splen-

206 1617 375 1675 puerint
406 1616 469 1666 (a)
498 1631 511 1656 ·.
556 1614 727 1668 Nempe
764 1611 864 1666 quia
895 1612 1104 1666 Sapientes
1124 1643 1136 1666 ‚
1177 1612 1247 1668 qui
1296 1613 1494 1657 didiotem
1523 1645 1539 1667 .‚
1571 1624 1714 1668 utpote
1742 1626 1831 1655 non
1858 1628 1884 1656 e
1916 1613 2101 1668 populari
2133 1613 2228 1657 faece
2257 1630 2330 1658 ve-

210 1674 432 1719 communi
459 1687 559 1716 cum
587 1670 736 1713 ceteris
764 1666 908 1724 lingua
927 1669 1174 1722 utebantur,
1203 1683 1249 1713 ut
1296 1672 1483 1715 nientem
1507 1701 1519 1722 ‚
1550 1669 1616 1713 sed
1645 1685 1669 1713 a
1700 1669 1949 1714 sublimitate
1980 1670 2225 1725 Poetarum,
2256 1671 2329 1728 qui

208 1748 240 1775 ,a
271 1730 425 1787 vulgo,
457 1746 480 1772 a
498 1744 579 1783 quo
606 1726 745 1783 procul
768 1726 976 1769 sententiis
995 1727 1249 1783 recedebant,
1294 1728 1503 1773 veteribus
1532 1726 1756 1783 aliquando
1776 1727 1987 1770 vocabulis
2014 1727 2240 1782 revocatis,
2264 1730 2329 1771 in-

216 1788 344 1832 etiam
376 1786 564 1830 oratione
604 1784 851 1827 discederent
874 1799 891 1836 ‘3
935 1798 1153 1828 numerum
1187 1786 1250 1827 in-
1628 1785 1634 1790 '
1753 1786 1756 1788 ’

214 1856 422 1889 venerunt
450 1841 692 1887 certum&
724 1841 1000 1896 praefinitum,
1032 1857 1111 1897 quo
1126 1842 1248 1884 attol—

214 1903 346 1946 lentes
376 1902 420 1945 ὃς
453 1900 655 1944 variantes
687 1899 948 1950 orationem,
982 1914 1003 1940 a
1035 1898 1161 1953 vulgo
1188 1899 1250 1942 di-

212 1961 516 2016 stinguerentur
536 1988 546 1999 .
601 1956 724 2011 Quod
756 1955 801 1997 in
848 1966 1037 1998 mentem
1066 1957 1249 2011 primum

210 2019 329 2061 venit
363 2015 625 2059 oraculorum
654 2012 889 2056 aufloribus
920 2028 932 2065 3
965 2011 1032 2068 qui
1064 2012 1251 2057 novitate

214 2075 252 2116 ἃ
290 2072 494 2116 miraculo
528 2085 824 2122 numerorum,
853 2069 1040 2113 divinam
1074 2069 1247 2113 auetori-

217 2145 346 2175 tatem
379 2129 495 2173 dietis
528 2128 604 2171 suis
647 2127 881 2170 tribuebant
906 2158 920 2168 2
960 2128 1248 2180 >Quamobrem

1296 1785 1507 1840 ventisque
1536 1798 1658 1827 novis
1688 1815 1706 1836 -‚
1747 1784 1796 1827 ἃ
1844 1784 2065 1839 peregrinis
2091 1784 2221 1828 etiarn
2253 1785 2331 1830 ali-

1293 1855 1397 1899 quot
1424 1840 1613 1895 adscitis,
1640 1841 1708 1883 vel
1723 1839 1882 1883 nativis
1909 1840 2179 1884 translatione
2202 1854 2325 1899 atque

1293 1899 1472 1944 artificio
1507 1897 1758 1941 illuminatis
1785 1929 1799 1951 ,
1836 1897 2072 1954 rejeE’tisque
2115 1897 2283 1953 plebeiis
2312 1931 2327 1955 ‚

1297 1974 1392 2000 cum
1423 1955 1549 2010 vulgo
1571 1956 1728 1999 sensum
1750 1954 1917 2011 quidem
1953 1970 2095 1998 eorum
2120 1955 2330 2002 retinuere

1295 2029 1594 2067 communem,
1622 2024 1671 2055 ut
1686 2012 1739 2054 ab
1758 2011 1952 2055 omnibus
1978 2011 2322 2068 intelligerentur,

1297 2085 1338 2115 at
1364 2071 1535 2115 seorsum
1560 2086 1582 2112 a
1602 2068 1730 2125 vulgo
1758 2069 1989 2112 sermonem
2013 2070 2325 2124 protulereliteu

1297 2129 1478 2181 tarium,
1510 2141 1591 2183 quo
1612 2125 1744 2169 secum
1767 2127 1966 2170 >'Oratores
1996 2127 2039 2170 ὃ(
2071 2126 2325 2183 Philosophi,

217 2188 482 2232 vetustiorum
515 2187 734 2228 Poetarum
778 2183 962 2227 carmina
998 2184 1250 2242 fimpliciora
1294 2187 1580 2239 bonarumque
1614 2195 1870 2239 preceptores
1906 2183 2060 2226 artium
2087 2196 2322 2228 uterentur.

216 2247 309 2289 sunt
333 2244 374 2287 St
407 2243 650 2299 placidiora:
678 2241 726 2283 ἃ
751 2239 941 2296 quamvis
955 2241 1121 2285 Poetico
1137 2242 1247 2298 spiri·
1353 2242 1636 2297 Quamobrem
1650 2241 1897 2283 Lites-ariam
1922 2240 2106 2294 linguam
2122 2272 2135 2294 ‚
2156 2243 2324 2285 ¹Graeco-

215 2314 261 2345 tu
303 2301 526 2344 introrsum
580 2298 796 2342 exaestuent
827 2330 840 2351 ,
893 2298 1100 2355 fluantque
1145 2300 1249 2342 mira
1294 2316 1388 2343 rum
1404 2299 1600 2355 quidem,
1628 2310 1774 2352 praeter
1794 2299 2321 2351 omnes‚'H0merus,La-

216 2359 413 2402 suavitate
471 2355 809 2408 modulationis,
867 2369 1010 2397 tamen
1053 2356 1247 2400 exteriori
1292 2357 1480 2402 tinorum
1503 2355 1757 2411 potissimum
1788 2354 1989 2407 Ennius,
2035 2354 2083 2397 ὅ(
2118 2353 2321 2399 Italorum

215 2428 333 2459 motu
364 2447 376 2468 ‚
439 2427 558 2469 atque
601 2412 891 2466 complexione
947 2413 1163 2456 verborum
1202 2415 1249 2457 ὅ(
1294 2430 1375 2471 prae
1392 2414 1710 2457 ceteri-sDantes
1733 2410 2221 2468 Aligheriuscondidere.
2253 2413 2318 2461 Ac

214 2474 312 2517 sono
343 2505 356 2527 ‚
400 2472 632 2514 Rhetorum
674 2469 717 2512 &
748 2469 1050 2513 Historicorum
1098 2486 1246 2514 nume·
1298 2473 1386 2515 sane
1400 2473 1610 2515 Homerus
1635 2484 1719 2512 non
1743 2484 1794 2512 ex
1815 2481 1903 2511 tota
1918 2467 2076 2511 Graecia
2103 2469 2225 2511 modo
2238 2484 2318 2512 no-

219 2531 353 2574 rosam
386 2529 616 2572 orationem
650 2528 841 2581 exemplo
874 2527 942 2569 suo
974 2527 1167 2584 praeivisse
1188 2528 1247 2571 vi·
1294 2529 1460 2574 biliores
1486 2541 1631 2577 omnes
1655 2558 1667 2580 ‚
1698 2540 1842 2569 verum
1875 2524 1918 2568 &
1941 2539 1964 2568 e
1989 2524 2164 2567 barbaris
2193 2526 2320 2570 etiam

215 2589 366 2631 dentur
398 2617 406 2627 .
449 2587 566 2628 Nam
608 2597 829 2640 antequam
859 2584 1094 2628 Rhetorum
1131 2597 1248 2638 arte,
1294 2585 1534 2643 regionibus
1555 2581 1802 2635 jucundioris
1837 2581 1923 2624 soni
1957 2581 2125 2637 collegit
2156 2582 2315 2639 aliquot

211 2647 255 2689 in
288 2643 519 2688 orationem
554 2641 726 2684 solutam
758 2655 953 2684 numerus
979 2642 1244 2698 commigras-
1296 2643 1560 2696 confuditque
1593 2654 1714 2683 voces
1740 2670 1753 2691 ,
1777 2654 1881 2695 -quas
1907 2638 2158 2694 posterorum
2188 2640 2319 2695 postea

214 2701 270 2745 set
299 2718 311 2754 3
343 2702 476 2743 Poetae
508 2700 583 2742 suis
612 2697 798 2740 numeris
828 2697 921 2741 satis
948 2699 1156 2742 habebant
1186 2698 1247 2742 ef-
1298 2699 1577 2750 lenivitusus,
1608 2709 1651 2738 ut
1670 2694 2059 2750 indigenarumjure
2077 2697 2317 2748 potirentur.

217 2760 358 2814 fugere
391 2763 658 2800 communem
690 2753 882 2809 loquendi
915 2755 1029 2797 usum
1058 2787 1070 2808 ‚
1113 2772 1134 2798 a
1167 2772 1248 2811 quo
1271 2755 1559 2808 teujusetiam
1576 2753 1737 2796 Ennius
1751 2752 1988 2808 exemplum
2015 2753 2225 2807 imitatus,
2253 2768 2320 2796 ea-

217 2816 298 2859 levi
342 2813 521 2870 qualibet
563 2811 710 2866 pedum
758 2810 943 2854 elatione
988 2811 1244 2855 secludeban·
1271 2797 1621 2862 ¹demlibertate‚
1653 2811 1917 2854 cumGraecis
1943 2809 2148 2853 vocabulis
2164 2810 2321 2863 multis,

214 2886 314 2916 rur:
359 2883 400 2914 at
434 2870 639 2925 postquam
673 2867 873 2911 Rhetores
914 2869 1144 2911 orationem
1190 2881 1249 2912 et·
1297 2870 1456 2914 dicendi
1498 2875 1646 2924 'genera
1676 2869 1912 2910 Graecorum
1956 2866 2078 2921 longe
2125 2866 2239 2920 plura
2275 2867 2321 2910 in

215 2931 297 2973 iarn
328 2927 503 2974 solutam
535 2943 557 2970 a
588 2925 803 2970 communi
835 2925 1075 2981 loquutione
1105 2926 1244 2970 distin·
1296 2927 1489 2971 Latinam
1522 2924 1685 2968 deduxit
1717 2924 1929 2980 linguam,
1961 2939 2049 2979 quae
2079 2921 2319 2987 fereomnia

2279 2997 2326 3024 in

2035 3106 2327 3128 v.....-..-...‚-....

1137 3110 1400 3198 -l-

259 3177 282 3216 ζ
295 3175 341 3215 a>
357 3175 474 3209 strab.
495 3171 552 3206 zib.
573 3183 597 3204 1·
616 3179 691 3214 pag.
710 3183 760 3213 34.
777 3173 854 3207 edit.
874 3171 1031 3215 Amflerd.
