2451 3470
651 91 1674 167 ‘'OPUSCULA.

2142 105 2244 168 165

136 187 368 240 rationem,
401 202 523 242 quam
557 187 620 232 lex
654 187 801 230 divina
834 185 1075 242 praescribitg
1110 185 1168 227 sed
1220 184 1407 227 meditari
1436 214 1446 233 ,
1489 183 1614 238 q'uam
1662 175 1770 221 levia
1802 185 2031 229 reputenter
2062 190 2084 216 a
2117 176 2206 216 Deo
2234 204 2248 226 ,

138 245 185 287 ad
218 245 332 287 illam
365 260 486 300 quam
521 244 712 288 libentius
745 245 925 286 humana
951 240 1169 286 imbellici-

1219 257 1305 297 quze
1339 241 1510 284 maximi
1545 238 1635 280 sunt
1666 234 1770 290 apud
1801 232 2016 285 homines,
2047 246 2251 285 Quamque

139 314 197 343 tas
215 302 365 354 patitur
380 333 391 354 ‚
405 301 534 345 animi
557 302 611 344 sui
627 301 988 345 sensusintendunt
1004 330 1014 341 .
1035 300 1189 353 Quam·
1221 298 1355 352 rapide
1387 297 1532 341 cuneta
1561 295 1691 337 fiuant
1722 291 1766 335 ὃ(
1786 289 1962 339 ,ενοὶεηῑ
1979 320 1988 330 .
2019 288 2059 329 Si
2079 288 2253 330 hazein-

140 357 257 400 facile
290 359 401 401 enim
434 359 704 402 dubitationes
725 390 736 411 ‚
767 373 855 413 quae
888 357 930 399 in
962 356 1056 398 vitae
1082 371 1171 398 cur-

141 414 270 458 riculo
303 415 336 468 se
367 416 541 459 offerunt
564 447 576 469 ,
622 415 908 469 scripturarum
943 412 1043 456 falce
1077 412 1175 454 reci-

142 472 318 514 duntur?
352 473 476 515 Certe
508 487 602 515 cum
636 472 698 514 his
728 470 879 514 duobus
913 470 1175 525 praeceptiso-

144 528 254 571 mnis
302 528 484 572 honestas
518 530 560 571 δε
605 528 785 584 suprema
828 538 960 571 rerum
987 526 1178 583 gerenda—

146 600 238 628 rum
283 586 386 628 ratio
428 585 693 629 concludatur
723 617 735 638 ‚
777 601 865 640 quae
901 585 988 626 sunt
1023 583 1178 626 summa

149 641 368 684 hominum
401 658 494 698 erga
527 644 689 695 Deum,
720 642 763 684 &
795 657 865 696 par
889 658 934 684 ac
962 654 1103 684 mutua
1120 639 1180 682 di-

153 698 271 741 lefflo
305 699 410 742 inter
444 701 504 751 se,
536 700 689 741 duobus
721 697 801 741 istis
820 698 970 741 obnixe
984 696 1180 749 retentis,

147 755 320 810 quilibet
353 756 478 797 nodus
511 755 704 798 citissime
732 753 926 797 solvitur.
976 753 1180 808 Qiernad·

152 812 319 854 modurn
366 826 448 853 non
483 826 628 865 paucos
658 827 705 853 ex
724 812 925 854 veteribus
944 810 1186 852 Christianae

157 869 256 923 legis
285 867 512 909 doctoribus
534 882 616 909 nori
641 866 758 909 se'mel
780 867 912 910 audivi
936 867 1186 918 differentes,

158 925 297 967 laeserit
330 935 367 966 te
399 922 547 979 aliquis
579 924 794 974 (dicebant
825 924 989 979 quidam
1005 939 1052 966 ex
1074 918 1187 973 illis')
1220 928 1226 935 '

158 993 302 1023 natura
334 980 559 1034 impelleris
590 981 635 1022 ad
670 981 938 1024 ulciscendam
966 979 1188 1032 iniuriam,

158 1037 291 1080 haeres-
314 1037 489 1079 incertus
521 1037 628 1080 inter
662 1038 730 1085 lias
761 1037 892 1080 animi
927 1037 1189 1088 janationes,

158 1094 249 1150 quia
285 1094 399 1136 simul
432 1097 609 1148 vereris,
644 1111 692 1137 ne
726 1095 862 1150 aliquo
895 1105 931 1136 te
967 1093 1113 1145 scelere
1135 1093 1191 1135 la-

161 1151 333 1194 befaRes
364 1183 391 1201 ,Α
425 1167 498 1194 nec
531 1165 667 1194 tamen
700 1152 745 1194 de
779 1152 855 1194 hoc
890 1149 1010 1192 babes
1038 1147 1198 1205 aliquid'

158 1210 255 1252 certi
290 1208 471 1251 nondum
505 1208 582 1250 tibi
618 1208 801 1250 constans
824 1239 835 1260 ‚
868 1207 949 1249 vin’
965 1207 1039 1249 hos
1054 1207 1190 1261 scopu-

163 1264 221 1308 los
252 1265 480 1317 declinaie,
514 1265 723 1319 scripturas
742 1265 899 1307 divinas
919 1263 1083 1316 eyolve:
1120 1263 1211 1318 stan-²

1225 355 1393 398 sederint
1442 354 1583 397 animo
1615 382 1626 405 ‚
1671 349 1752 401 jam
1795 347 1985 403 speftabis
2024 343 2137 408 alio,
2169 358 2250 393 Jam

1225 426 1380 455 terrena
1430 407 1690 466 supergressus
1731 422 1781 450 ex
1814 404 1897 448 alto
1929 402 2116 457 despicies
2147 403 2256 462 err‘o-

1228 485 1287 512 res
1331 469 1551 511 hominum
1583 498 1596 521 ,
1638 464 1743 521 quod
1776 461 1923 506 fastum
1954 459 2005 502 ἃ·
2031 457 2257 520 superbiam

1227 527 1423 580 deponere
1455 526 1576 580 pudet
1603 555 1612 566 .
1644 524 1758 565 Cum
1790 519 1880 581 hoc·
1899 533 1949 561 ex
1979 512 2258 580 hujuscemodi

1232 583 1480 626 sermonibus
1511 578 1784 636 cognovissem
1817 609 1830 631 ,
1871 572 2090 638 jam-mlh!
2113 571 2260 635 *statim

1234 641 1365 696 patuit
1397 672 1409 692 ,
1457 654 1539 693 quo
1585 638 1774 680 deberent
1796 646 1797 649 ’
1822 633 1924 677 ἰξῖυε
1962 628 2122 695 *intendi
2154 659 2166 681 ‚
2213 637 2260 668 ut

1229 698 1366 740 omnis
1410 697 1535 750 pietas
1577 693 1811 737 Christiana
1855 689 2084 749 concideret
2114 717 2123 728 .
2168 684 2262 736 jam

1233 753 1456 808 prospexi,
1498 767 1578 807 quo
1622 751 1744 793 latere
1789 748 1903 802 possit
1947 744 2119 787 invadi.

1235 810 1357 866 igitur
1389 808 1577 851 homines
1610 807 1756 850 nolunt
1788 799 2266 855 serioretraherepedem

1236 883 1256 909 a
1288 881 1408 910 coeno
1438 897 1448 917 ‚
1496 864 1555 916 sed
1585 880 1676 908 cum
1709 874 1906 919 praecepta
1937 859 2018 923 ipsa
2049 870 2166 912 atque
2200 868 2265 895 ac-

1236 924 1353 967 censa
1399 921 1618 977 cupiditate
1668 920 1813 963 futurae
1856 918 2030 971 g10r1ae‚
2063 914 2265 956 humana-

1238 996 1328 1024 rum
1374 995 1508 1022 rerum
1552 978 1675 1021 studia
1718 977 1888 1019 miscent
1914 1005 1925 1026 ,

1240 1037 1391 1080 divinae
1426 1036 1503 1091 legi
1538 1034 1728 1087 subjicere
1751 1065 1763 1085 ‚
1815 1032 1874 1074 sed
1905 1045 1995 1073 eam
2027 1027 2074 1070 ad
2108 1026 2270 1068 suarum

1241 1094 1521 1137 affeffionum*
1548 1091 1789 1147 obsequium
1834 1088 2071 1142 detorquere
2114 1096 2273 1126 conan-

1242 1163 1306 1194 tur
1333 1181 1346 1204 ,
1400 1144 1488 1193 ideo
1519 1149 1731 1192 confluunt
1761 1147 1808 1190 ad
1841 1159 1917 1188 rne-
1937 1155 2080 1185 omnes
2099 1171 2111 1193 ‚
2142 1155 2164 1181 a
2195 1152 2276 1192 qua

1243 1219 1387 1264 petunt
1439 1205 1640 1249 rationem
1673 1200 1909 1260 penetrandi
1940 1199 1988 1241 ad
2019 1197 2176 1245 coelum·
2204 1208 2275 1248 per

1226 1265 1329 1325 giina
1360 1264 1402 1306 δε
1434 1262 1592 1318 putrida
1624 1274 1737 1304 terrae
1773 1292 1782 1301 .

2153 739 2263 793 Quia

1975 972 2018 1015 δι
2048 969 2198 1013 nolunt
2232 966 2267 1010 se

1825 1257 1894 1300 llli
1929 1272 2023 1298 vero
2057 1253 2234 1309 gaudent
2258 1281 2273 1303 ,
2325 1302 2329 1303 ⁷

164 1322 240 1364 tim
274 1321 351 1363 illae
385 1323 458 1364 tibi
492 1321 698 1377 proferent
734 1322 867 1364 sanam
898 1321 940 1363 ἃ
980 1320 1128 1363 ῑεᾶεπη
1151 1319 1350 1375 iri-grsqiiod
1392 1336 1414 1363 a
1459 1334 1523 1362 me
1568 1331 1652 1361 tam
1697 1316 1877 1360 molliter
1907 1312 2161 1366 benigneque
2193 1320 2276 1349 tra-

165 1377 240 1421 hae
272 1378 540 1432 disputatione
576 1378 842 1431 sententiam,
876 1378 984 1420 Pone
1016 1391 1056 1421 te
1082 1375 1215 1424 enirn?

171 1435 212 1477 in
248 1433 382 1477 locum
414 1434 551 1486 illius,
586 1448 727 1478 contra
759 1450 879 1489 quern
914 1433 1038 1487 furis,
1072 1445 1213 1476 temet·

165 1490 309 1534 adhibe
325 1490 367 1533 in
384 1491 598 1534 consilium
614 1523 625 1544 ,
651 1492 865 1546 introspice
879 1491 1065 1534 animum
1081 1504 1199 1533 tuum

133 1581 136 1583 -
167 1547 193 1590 si
237 1559 280 1589 tu
315 1547 436 1590 velles
485 1548 676 1599 injuriam
719 1549 792 1591 tibi
826 1549 981 1591 remitti
1012 1580 1024 1600 ,
1067 1547 1200 1602 cogita

172 1604 277 1646 idem
310 1604 353 1647 δε
385 1604 488 1648 velle
521 1605 693 1648 alterum
725 1637 737 1658 ,
787 1606 893 1648 idem
929 1605 1052 1660 igitur
1084 1604 1200 1648 alteri

170 1662 305 1714 praesta
325 1692 336 1712 ‚
369 1662 475 1716 quod
507 1661 600 1718 effes
632 1662 703 1706 tibi
728 1662 999 1716 suscepturus.
1031 1664 1202 1716 Quaere,

171 1717 198 1760 si
243 1730 352 1771 potes
378 1750 390 1772 ‚
438 1716 905 1780 alihmtssavertendarum
937 1719 1204 1775 quaestionum

172 1775 374 1817 rationem
401 1807 420 1828 Α,
450 1775 730 1832 quae⁵³⁷“facilius
755 1808 766 1829 ‚
799 1792 921 1832 quam
962 1777 1044 1819 haec
1077 1791 1206 1819 nexus

171 1846 315 1875 omnes
335 1831 635 1880 inextricabiles
654 1832 841 1876 dirimat.
877 1832 1007 1876 Nulla
1022 1832 1095 1875 tibi
1114 1848 1205 1887 pro-

175 1888 281 1931 fe&o
324 1888 358 1932 se
399 1890 517 1932 offert
559 1890 784 1945 expeditior
810 1921 822 1944 ‚
855 1889 930 1933 hac
963 1889 1076 1932 nulla
1110 1905 1204 1944 prae-

175 1945 365 1988 stantior.
396 1946 518 1989 Nihil
540 1947 665 2003 igitur
685 1947 1098 2002 interrogabatalter‚
1131 1948 1208 1989 erit

177 2002 285 2045 circa
328 2003 483 2058 regulas
515 2019 675 2047 morum
712 2005 817 2048 inter
849 2003 1105 2046 Christianos
1135 2004 1207 2045 ob-

182 2059 368 2110 scurum,
401 2059 508 2102 nihil
541 2060 802 2113 implicatum
824 2060 1056 2115 &anceps.
1096 2057 1208 2102 Mul-

180 2128 222 2158 ta
254 2117 271 2167 (
307 2114 540 2166 subjiciebat
573 2118 644 2161 illa
676 2119 692 2169 )
726 2119 855 2161 multa
888 2117 976 2159 sunt
1009 2149 1021 2170 ,
1054 2116 1226 2179 fateor).

180 2172 373 2227 ambigua
405 2173 447 2215 δε
479 2173 663 2226 incerta,
696 2174 739 2216 in
773 2173 915 2229 quibus
947 2187 1211 2229 quantumvis

181 2229 386 2284 perspicax
421 2231 636 2286 ingenium
665 2231 809 2273 haereat
828 2243 1039 2284 oporteat,
1072 2231 1131 2272 sed
1153 2230 1212 2271 hae

183 2287 308 2329 nubes
352 2287 393 2328 ἂ
446 2288 618 2330 tenebrae
663 2288 946 2331 difficultatem
981 2287 1096 2330 nobis
1128 2302 1210 2328 riori

179 2359 230 2386 ex
265 2342 346 2398 ipsa
379 2359 417 2385 re
445 2369 457 2397 5
491 2345 550 2386 sed
581 2344 643 2388 vel
677 2360 725 2388 ex
758 2344 1050 2399 cupiditatibus
1080 2343 1123 2387 &
1154 2343 1212 2386 af-

184 2400 426 2443 feElionibus
460 2400 626 2453 nostris,
660 2401 721 2444 vel
754 2418 802 2444 ex
838 2401 1086 2457 negligentia
1110 2400 1210 2443 divi-

185 2472 247 2499 nae
280 2457 378 2511 legis
398 2458 440 2499 &
462 2458 693 2513 ignorantia
716 2458 1001 2512 scripturarum
1022 2457 1212 2500 oboriun-

185 2527 254 2557 tur
280 2545 290 2556 .
325 2515 451 2558 Indue
485 2515 756 2569 patientiam,
791 2515 1046 2566 bonitatem,
1079 2514 1210 2557 hurni-

188 2569 376 2624 litatem,
410 2580 548 2626 reputa
578 2573 684 2615 intra
709 2571 896 2615 animum
919 2585 1064 2623 tuum,
1096 2571 1214 2614 illum

187 2626 354 2670 Christo
398 2626 525 2678 judice
557 2630 733 2683 praestare
768 2629 912 2672 ceteris
940 2660 951 2681 ,
984 2629 1050 2683 qui
1087 2627 1215 2671 liben-

189 2696 248 2726 ter
294 2683 327 2725 se
348 2713 350 2715 »
373 2683 577 2734 subjecerit
617 2685 733 2728 alteri
761 2717 771 2738 ,
825 2685 893 2741 qui
926 2685 1096 2728 celerius
1128 2684 1216 2728 loco

189 2739 384 2792 cesserit,
425 2756 520 2783 eum
552 2743 665 2794 apud
710 2744 847 2786 Deum
882 2741 1094 2788 sublimius
1124 2757 1212 2784 eve-

190 2798 233 2841 hi
261 2829 273 2850 ,
316 2797 384 2851 qui
445 2796 640 2839 humilius
672 2798 827 2842 habitat
860 2799 964 2843 inter
995 2798 1184 2841 homines
1205 2830 1217 2852 ,

189 2853 262 2910 qui
301 2853 441 2896 resedit
474 2853 673 2896 inferius:
709 2856 850 2908 Defige
881 2855 925 2898 in
957 2857 1098 2898 animo
1118 2887 1130 2909 ,
1164 2854 1218 2898 le-

191 2927 240 2966 ge
283 2910 436 2954 Christi
469 2910 696 2965 digniorem
732 2911 805 2953 esse
830 2942 841 2957 ,
874 2912 941 2967 qui
976 2912 1080 2962 jacet
1112 2911 1213 2962 abje'-

190 2968 295 3017 &ior
320 2999 333 3019 ,
383 2967 694 3021 praestantiorem
735 2998 746 3020 ‚
777 2966 848 3021 qui
881 2967 1221 3032 vilior·,·,{·quique

1244 1378 1439 1430 fitentur,
1485 1388 1528 1418 ut
1573 1375 1620 1418 iis
1664 1373 1917 1429 persuadeam
1950 1401 1962 1423 ,
2004 1368 2052 1411 ad
2082 1377 2276 1408 aeternarn

1247 1434 1421 1491 gloriam
1454 1432 1776 1488 consequendam
1809 1427 1958 1472 necesse
1996 1439 2078 1467 non
2103 1421 2175 1464 esse
2200 1420 2278 1462 hu-

1250 1506 1371 1534 mana
1414 1494 1714 1543 contemnere,
1756 1487 1800 1529 ὃς
1843 1482 2068 1544 immensas·
2091 1477 2281 1534 pecunia-

1250 1564 1339 1591 rum
1391 1547 1596 1590 honorum
1645 1561 1690 1588 ac
1734 1542 1897 1599 imperii
1938 1539 2176 1594 cupiditates
2220 1549 2282 1597 re-

1250 1606 1376 1648 secare
1402 1636 1414 1658 ‚
1456 1604 1653 1657 deponere
1701 1602 1842 1644 odium
1873 1630 1885 1653 ‚
1933 1596 2161 1641 condonare
2194 1605 2285 1633 vin-

1249 1663 1424 1706 dieiam.
1456 1662 1551 1703 Hoc
1583 1659 1696 1704 enim
1729 1654 1982 1713 Evangelica
2011 1650 2194 1704 doctrina
2218 1662 2284 1690 ce-

1251 1719 1352 1763 teris
1399 1718 1603 1761 antecessit
1635 1747 1647 1769 ,
1690 1715 1795 1770 quod
1836 1711 2074 1769 graviorum
2103 1704 2283 1770 philoso-

1255 1776 1432 1833 phorum
1477 1773 1621 1829 scripta
1663 1772 1852 1816 umbram
1885 1780 2047 1813 tantum
2079 1775 2284 1815 virtutum

1255 1834 1490 1885 exhibent3
1534 1830 1719 1873 Christus
1762 1845 1857 1872 vero
1899 1826 2025 1882 ipsam
2063 1821 2178 1866 effert
2218 1819 2284 1862 lu-

1256 1907 1343 1935 cem
1374 1918 1390 1932 „
1418 1889 1486 1932 llli
1521 1903 1659 1932 revera
1690 1902 1775 1929 nori
1806 1884 2081 1939 extinguunt,
2115 1878 2174 1921 sed
2202 1875 2286 1919 for·
2346 1885 2350 1889 ·

1258 1961 1375 1991 mant
1419 1946 1585 1990 flectunt
1627 1945 1670 1987 δί
1719 1943 1981 1987 moderantur
2029 1949 2169 1992 pravas
2190 1933 2286 1995 affe-

1257 2005 1434 2049 tumes.
1467 2002 1651 2045 Christus
1684 2015 1788 2044 vero
1808 1998 1983 2043 conterit
2015 1994 2104 2037 illas
2125 1989 2289 2054 euellit-

1258 2075 1335 2117 que
1376 2058 1606 2103 radicitus.
1651 2060 1781 2100 Docet
1821 2055 1934 2099 enim
1967 2048 2246 2105 Evangelium
2273 2076 2287 2098 ‚

1261 2132 1301 2161 ut
1334 2118 1425 2170 illi,
1457 2131 1555 2172 quos
1582 2115 1692 2169 supra
1713 2112 1918 2164 indicavi,
1950 2108 2171 2173 urgebant,
2204 2118 2288 2145 non

1261 2167 1584 2217 moderationem
1618 2171 1745 2214 solum
1763 2170 1788 2224 ,⁴
1808 2170 1866 2213 sed
1898 2167 2169 2229 abolitionem
2195 2160 2290 2222 affe?

1259 2231 1444 2275 &tionum
1488 2244 1702 2283 pravarum
1753 2241 1822 2281 per
1867 2226 2183 2277 abnegationem
2225 2216 2290 2264 ‚sul

1262 2288 1404 2343 ipsius,
1436 2286 1540 2342 quod
1571 2285 1624 2329 est
1658 2286 1861 2327 summum
1884 2282 2085 2324 virtutum
2100 2276 2292 2337 culmen,

1261 2361 1343 2401 quo
1391 2359 1601 2399 nunquam
1633 2342 1737 2385 acies
1771 2355 1819 2384 ne
1850 2340 2172 2400 acutissimorum
2203 2348 2292 2388 qui-

1262 2404 1354 2445 dem
1389 2400 1724 2456 philosophorum
1758 2397 1941 2452 pervenit
1972 2427 1982 2437 .
2024 2396 2083 2437 Hi
2116 2403 2291 2445 namque

1265 2459 1425 2512 semper·
1451 2456 1602 2511 aliquid
1633 2456 1862 2497 humanum
1896 2465 2107 2508 tamquam
2131 2448 2292 2504 signum

1267 2516 1407 2558 virtuti
1426 2513 1882 2568 proposuei·unt;nempe
1898 2511 2166 2565 voluptatem,
2181 2518 2293 2547 tran-

1264 2571 1514 2627 quillitatem
1543 2601 1555 2623 ‚
1602 2585 1740 2623 pacem
1785 2567 2015 2623 reipublicae
2038 2597 2050 2619 ‚
2082 2563 2294 2629 conserva·-

1268 2629 1425 2671 tionem
1461 2627 1683 2679 libertam,
1716 2625 1964 2680 imperium,
1996 2623 2199 2687 gloriam,
2231 2617 2294 2684 su-

1263 2698 1397 2728 turam
1431 2685 1514 2739 post
1544 2694 1718 2726 mortem
1754 2682 1933 2735 famam,
1966 2679 2152 2734 (Stoicos
2181 2691 2295 2720 enim

1267 2741 1375 2785 nihil
1420 2756 1556 2784 moror
1584 2772 1596 2793 ,
1639 2740 1707 2795 qui
1752 2740 1967 2782 honestatis
2010 2736 2207 2797 vocabulo
2239 2734 2296 2776 fa-

1267 2801 1390 2843 stum'
1411 2799 1455 2848 βε
1497 2797 1766 2840 ambitionem
1808 2795 2075 2840 involvebant
2105 2796 2123 2846 )
2153 2792 2297 2838 cunE‘ta

1270 2867 1466 2912 praecepta
1500 2853 1663 2896 tandem
1696 2852 1972 2897 referebantur
2001 2854 2048 2895 ad
2080 2853 2181 2905 ipsos
2208 2881 2219 2901 ‚
2248 2864 2294 2891 ac

1269 2915 1312 2957 in
1362 2927 1502 2955 eorum
1537 2911 1755 2954 utilitatem
1789 2943 1802 2964 ‚
1845 2923 1916 2954 aut
1945 2909 2120 2966 gloriam
2153 2907 2297 2951 redun-

1269 2970 1418 3012 dabant
1442 2999 1452 3010 .
1485 2968 1669 3010 Christus
1701 2983 1798 3010 vero
1832 2967 1915 3009 haec
1944 2966 2085 3010 omnia
2115 2962 2299 3021 spernit,

191 3024 445 3068 contemtior
479 3023 584 3066 vivit
617 3024 656 3065 iri
696 3023 838 3076 terris,
869 3024 913 3065 ὅ(
945 3025 987 3066 in
1003 3025 1221 3067 hominurn
1271 3026 1480 3080 suadetque
1524 3024 1728 3067 contraria
1753 3055 1763 3075 ,
1806 3039 1952 3078 nempe
1998 3036 2252 3066 contemtum
2283 3051 2296 3073 ‚

192 3079 463 3137 gloriosorum
505 3079 744 3126 derisionem
793 3079 1000 3127 incurrit.
1040 3081 1224 3126 Affuesce
1275 3093 1549 3139 paupertatem
1577 3113 1590 3135 ‚
1630 3080 1848 3126 miseriam
1900 3079 2164 3131 abjeffionem
2192 3109 2204 3132 ,
2252 3077 2296 3120 ὃς

2205 3134 2300 3190 quid
