2451 3470
449 107 831 162 LIBER
911 78 1758 167 SINGULAI'JLIS.

93 185 301 243 Augustus
343 183 596 240 appellatus,
648 198 732 226 non
765 194 861 225 ante
895 191 1035 222 tamen
1070 181 1140 220 In-

95 246 253 300 perium
288 241 485 297 suscepit,
516 254 639 296 quarn
673 240 773 284 illud
805 256 827 282 a
862 238 1046 280 Patribus
1078 234 1138 278 of-

97 300 351 345 ficiosissimis
384 296 631 354 impetrasset
665 297 793 340 literis
816 327 828 349 ,
862 295 1006 349 quibus
1024 293 1073 336 ab
1093 307 1141 335 eo

100 359 272 402 Senatus
317 372 389 413 pro
439 355 592 399 arbitro
609 387 622 408 ,
689 370 735 397 ac
780 352 965 408 principe
1009 365 1143 393 rerum

101 415 377 458 humanarum
413 412 644 469 agnoscitur
669 442 681 463 ,
715 425 782 464 per
815 409 898 451 haec
921 407 1145 459 verba:[a)

106 473 230 516 Reae
261 483 378 525 atqua»
399 472 532 512 ordine
548 468 840 523 P.C.proximo
860 466 1051 519 superiore
1074 481 1142 507 an·

105 547 152 573 no
173 529 326 582 fabium
346 527 395 582 1:st
416 560 426 580 ,
469 539 512 569 ut
533 524 659 581 vestra
685 525 889 566 clementia
919 524 1003 565 orbi
1025 535 1143 565 terra·

101 603 186 629 rum
230 588 460 636 Principem
485 585 623 635 daret,
654 581 709 624 &³
741 582 900 636 quidem
927 581 975 622 de
996 581 1110 623 vobis
1137 606 1149 628 ‚

106 645 180 699 qui
206 643 260 687 (9⁶
286 642 374 697 estis
402 642 543 683 mundi
561 640 768 692 Principes
789 670 801 689 ,
834 635 1149 692 &semperfutss

94 700 174 756 stis*
191 732 202 750 ,
235 699 289 743 Θ
319 701 360 741 in
387 698 525 750 vestris
540 695 700 750 posteris
733 694 843 736 eritis
864 725 873 735 .
913 695 1050 749 Atque
1070 696 1150 736 uti·

104 774 200 801 nam
223 758 262 799 id
286 757 502 798 florianus
531 751 724 804 expec‘sare
745 748 928 799 voluisset
954 767 1022 792 nec
1041 753 1152 793 velut

108 814 386 858 hereditarium
403 805 642 860 *vindicaffet
660 808 872 861 Imperium
892 838 904 858 ‚
936 809 1001 849 vel
1022 808 1151 856 illum,

109 872 178 914 vel
202 869 333 911 aliu-11¹
358 880 583 921 quempiam
618 864 802 918 majestas
821 862 949 918 vestra
972 863 1148 920 fhciffet.

106 926 232 970 Nunc
266 927 453 980 quomam
478 924 544 964 ille
565 925 777 977 Imperium
814 922 1009 977 arripuit,
1042 924 1154 966 nobis

103 1000 130 1026 a
155 983 364 1025 militibus
380 977 617 1033 delatumest
635 995 769 1021 nomen
783 976 1032 1033 Augustum,
1058 982 1149 1024 vin-

102 1041 283 1084 dicatum
297 1072 307 1091 ,
338 1039 437 1094 quin
457 1038 578 1078 etiam
593 1039 635 1078 tn
650 1036 764 1078 illum
788 1053 813 1076 a
834 1037 1155 1091 prudentioribus

99 1095 305 1141 militibus
322 1127 333 1148 ‚
366 1092 612 1150 quodfuerat
627 1092 854 1147 usurpatum
870 1124 878 1134 .
907 1094 1037 1146 Quefo
1051 1097 1154 1139 utde

97 1156 196 1198 meis
211 1154 362 1196 meritis
369 1150 539 1206 faciatis
553 1150 754 1206 quidquid
769 1147 922 1206 jufferit
934 1150 1064 1205 vestra
1076 1155 1154 1196 cle-

105 1224 259 1256 men-tta
274 1242 284 1254 .

222 1323 663 1370 CAPUT
811 1324 1135 1368 XXXIV.-

106 1443 184 1498 De⁴
214 1440 389 1484 militum
429 1437 514 1490 iure
556 1437 600 1480 in
642 1437 831 1481 creatione
864 1440 1152 1495 Imperatoris.

185 1589 189 1592 a
240 1554 420 1598 ASienus
463 1551 744 1607 pervolvimus
777 1553 918 1597 seriem
955 1556 1148 1610 Impera-

257 1624 422 1664 torum,
455 1625 632 1665 quorurn
677 1611 742 1654 vel
779 1611 918 1654 omnis
951 1628 972 1654 a
998 1613 1150 1656 Senatu

103 1670 258 1714 creatio
293 1666 550 1724 processerit,
584 1666 651 1711 vel
684 1668 733 1710 ab
765 1684 812 1711 eo
847 1669 1148 1723 post-‚militaria

105 1727 290 1781 suffragia
311 1725 545 1769 testimonio
558 1723 846 1769 historicorum
862 1721 1095 1780 legi‘t'imam
1111 1727 1153 1770 &

103 1784 275 1829 civilem
291 1782 464 1827 traxerit
480 1782 765 1826 austoritatem
785 1813 793 1824 .
817 1784 917 1837 Quae
932 1785 1150 1828 auetoritas

101 1842 281 1886 minime
299 1841 421 1884 deesse
437 1841 569 1895 potuit
587 1840 843 1895 sequentibus
861 1841 1148 1889 creationibus:

101 1899 372 1954 quantumvis
409 1897 652 1940 aveteribus
673 1930 685 1950 ,
722 1897 916 1952 suppressa
938 1899 1152 1943 mentione

102 1959 304 2009 Senatus,
357 1955 559 1998 militibus
592 1956 869 2011 assignentur,
917 1957 1036 2013 idque
1070 1973 1153 2000 non

103 2014 199 2070 quia
232 2013 394 2056 nullum
419 2013 458 2054 S.
475 2013 528 2054 C.
555 2028 620 2055 eas
642 2013 936 2067 comitaretur,
973 2015 1034 2058 sed
1055 2015 1149 2072 quia

103 2083 192 2113 tam
220 2083 378 2114 certum
398 2082 483 2113 erat
510 2070 550 2112 &
573 2070 833 2125 impetrabile
849 2103 861 2125 ,
895 2083 1062 2128 tamque
1084 2089 1155 2116 ne-

105 2127 320 2172 cessarium
342 2127 386 2170 δι
415 2126 620 2181 solemne,
656 2141 699 2170 ut
728 2129 920 2172 omniurn
957 2130 1155 2186 opinione

103 2185 440 2241 praesumeretur.
475 2186 542 2227 Ab
569 2201 616 2227 eo
643 2201 756 2229 emin
791 2200 1004 2241 tempore,
1040 2187 1154 2231 sicuti

103 2241 302 2286 militaris
330 2242 514 2296 potentia
533 2242 776 2287 electionem
804 2260 975 2287 ornnem
1006 2245 1154 2289 summi

103 2299 236 2342 Ducis
257 2299 305 2342 ad
329 2299 361 2342 se
382 2297 599 2352 trahebat,
631 2300 685 2342 ita
718 2316 765 2342 ne
787 2300 844 2351 jus
861 2302 1028 2345 Parrum
1047 2303 1150 2346 iner-

103 2372 175 2400 me
220 2372 317 2400 cum
365 2369 522 2399 armata
558 2356 758 2400 violentia
791 2358 1010 2403 dimicaret
1035 2387 1050 2412 ‚
1083 2361 1154 2403 Se-

103 2426 223 2458 natus
245 2446 257 2467 ,
303 2412 371 2470 qui
419 2413 494 2456 nisi
541 2413 680 2468 sponte
712 2414 876 2458 cessisset
906 2433 952 2460 ac
994 2416 1120 2461 libere
1143 2449 1155 2470 ,

105 2472 280 2525 turpiter
322 2482 443 2527 atque
492 2470 688 2515 serviliter
739 2472 1000 2517 succubuiffit
1030 2506 1042 2527 ,
1087 2491 1155 2530 po-

106 2529 292 2572 testatem
325 2528 494 2572 civilem
529 2544 742 2585 nunquam
778 2533 945 2586 negavit
971 2532 1157 2588 iis,quos

104 2586 298 2648 potentia
345 2584 535 2629 militaris
578 2588 626 2629 ad
660 2587 891 2642 Imperium
925 2589 1154 2633 extulerat.-

104 2655 150 2707 ut
191 2657 250 2685 eis
298 2643 590 2686 confirmandis
634 2645 921 2689 aui‘storitatem
961 2647 1157 2690 retineret

106 2699 254 2753 illam,
288 2714 412 2754 quarn
436 2700 582 2746 eisdem
618 2702 844 2753 rejiciendis
872 2705 1028 2758 prorsus
1055 2705 1158 2748 ami-

107 2756 239 2800 sisset.
286 2757 408 2810 Quod
458 2773 588 2802 unum
629 2761 714 2816 post
771 2762 879 2804 varia
923 2763 965 2805 ἃ
1009 2763 1156 2806 exitia·

111 2882 352 2900 ——-——-
364 2888 579 2899 *—

103 2949 108 2956 ,
153 2917 241 2958 (a)
269 2917 398 2959 Vopisc.
425 2917 461 2949 r'n
479 2917 724 2962 Probocap.11.
757 2931 760 2934 ’

152 2964 175 3002 ζ
193 2961 235 3000 b)
266 2962 351 2996 Vist.
366 2964 401 2995 in
427 2961 527 2996 Probo
546 2987 554 2995 .

152 3008 174 3047 ζ
191 3007 236 3046 c]
263 3008 374 3041 Tacit.
392 3006 499 3049 bissa.
517 3016 643 3052 cap.52.
692 3010 770 3049 ζ’)
795 3012 831 3044 r‘n
849 3013 948 3046 Probo
966 3036 974 3045 .

156 3052 242 3092 (⁴¹)
280 3054 376 3086 Tunc
418 3055 553 3096 pristino
591 3054 656 3092 juri
699 3056 755 3087 suo
781 3059 978 3091 renunciasse
1003 3060 1155 3095 Senatus,

109 3094 144 3127 δι
184 3096 311 3131 summa
352 3099 552 3142 Reipublicae
591 3100 630 3132 ad
671 3101 795 3133 milites
836 3103 1012 3144 pervenisse
1051 3103 1158 3135 videri

109 3147 274 3190 ppterat5
302 3144 373 3186 post
397 3153 542 3178 mortem
570 3146 738 3178 Aureliani
764 3154 876 3179 tamen
918 3147 995 3179 odio
1022 3148 1159 3190 praesen·

110 3192 197 3220 tium
214 3209 226 3229 ‚
266 3196 302 3223 ut
327 3189 478 3234 loquitur
505 3191 685 3238 vopiscus,
717 3189 878 3235 judicium
902 3191 942 3231 de
966 3202 1056 3228 novo
1073 3195 1152 3229 vlm-

1192 177 1245 220 lia
1278 177 1560 234 experimenta
1593 175 1820 219 remedium
1865 173 2111 218 invenerunt
2144 171 2229 218 belss

1193 235 1326 278 lorum
1361 236 1581 286 civilium,
1612 233 1757 288 quibus
1791 231 1855 274 sua
1888 247 1982 274 cum
2018 232 2127 274 clade
2160 234 2230 277 Se-

1194 305 1357 335 natores
1412 291 1760 348 implicabantur,
1792 301 1888 331 ante
1945 288 2188 334 Gallienum
2217 322 2229 342 ‚

1194 351 1262 406 qui
1296 350 1450 407 primos
1480 364 1547 392 eos
1579 346 1792 402 prohibuit
1824 362 1846 389 a
1873 344 2032 388 castris:
2066 342 2235 400 (b)quae

1195 421 1313 451 antea
1345 423 1439 450 cum
1476 406 1734 462 sequerentur
1764 405 1822 456 (c)
1856 402 1985 444 vitare
2022 416 2236 457 nunquam

1199 477 1385 519 poterant
1427 464 1519 507 odia
1565 463 1770 514 partium,
1805 460 1830 502 fi
1863 458 2038 502 creando
2074 458 2234 502 summo

1199 523 1342 575 Duce,
1374 521 1616 565 auctoritate
1649 519 1714 562 sua
1747 517 1871 560 studia
1903 516 2158 569 dividentes,
2191 532 2240 559 u-

1199 595 1296 621 nam
1341 594 1421 634 prae
1466 578 1545 620 alia
1579 575 1826 620 militarium
1859 573 2086 617 samonum
2119 572 2242 616 attol-

1199 636 1356 688 lerent,
1405 651 1531 689 eoque
1575 636 1773 677 Senatum
1816 642 2104 674 converterent
2149 629 2243 674 uni-

1199 692 1390 745 versum,
1438 692 1665 746 ancipitem
1709 690 1779 732 diu
1811 688 2019 742 futurum,
2064 687 2161 731 dum
2194 687 2241 731 de

1203 750 1384 804 Imperio
1415 750 1662 804 agitaretur,
1696 747 1763 790 sub
1794 746 1976 790 obnoxio
2010 759 2060 788 ne
2093 744 2238 788 sibies-

1201 808 1283 861 set,
1315 821 1368 849 an
1415 807 1481 850 sub
1523 804 1674 849 offenso
1708 803 1900 861 Principe
1933 801 2185 847 cadendum.

1347 919 1788 965 CAPUT
1905 888 2097 962 xxxv.

1300 1035 1367 1079 De
1397 1035 1602 1080 remotione
1631 1035 1864 1077 Senatorum
1894 1051 1920 1075 a
1952 1034 2129 1077 militia.

1330 1151 1409 1193 UA
1422 1152 1471 1193 M
1499 1149 1609 1192 fuiffe
1636 1148 1794 1192 causam
1824 1147 2053 1203 putaverim
2071 1179 2082 1198 ,
2106 1161 2177 1192 cur
2201 1161 2245 1190 a-

1351 1207 1425 1252 deo
1444 1207 1645 1264 patienter
1676 1205 1845 1249 tulerint
1868 1206 2004 1248 Patres
2029 1206 2239 1249 ademtam

1322 1267 1392 1310 libi
1413 1282 1434 1308 a
1455 1264 1652 1308 Gallieno
1673 1263 1870 1306 militiam
1886 1294 1897 1313 ‚
1930 1277 2060 1318 neque
2095 1263 2247 1316 satege-

1207 1321 1291 1365 rint
1324 1322 1505 1378 amplius
1538 1334 1718 1376 repetere
1763 1336 1787 1363 a
1837 1319 2048 1362 militibus
2084 1316 2246 1362 creandi

1209 1380 1408 1432 Principis
1450 1378 1668 1421 arbitrium
1715 1376 1854 1431 saepius
1897 1387 2171 1431 praereptum,
2203 1375 2247 1418 δε

1205 1437 1424 1494 valiquando
1466 1434 1635 1488 Taciti,
1682 1434 1726 1478 8(
1773 1433 1891 1477 Probi
1935 1433 2143 1477 creatione
2176 1431 2247 1474 sibi

1206 1495 1432 1548 plenissime
1466 1492 1666 1536 redditum
1687 1494 1708 1533 .“
1730 1493 1768 1534 Α
1802 1507 1882 1547 quo
1915 1503 2098 1546 tempore
2124 1488 2246 1532 tradit

1206 1553 1352 1596 Vifi‘tor
1382 1551 1469 1604 (d)
1503 1551 1549 1592 ad
1583 1562 1744 1592 aetatem
1772 1550 1894 1603 usque
1921 1548 2060 1601 suam,
2092 1547 2151 1590 ita
2167 1546 2249 1589 mi—

1206 1610 1367 1653 litarem
1385 1608 1615 1664 potentiam
1636 1605 1884 1649 convaluisse
1899 1633 1925 1657 ‚v
1941 1617 1984 1648 ut
2008 1604 2242 1659 Imperium

1205 1667 1398 1718 Senatui,
1449 1664 1693 1720 creandique
1739 1662 1798 1715 jus
1833 1662 2030 1718 Principis
2076 1660 2247 1704 abstule-

1207 1727 1314 1778 rint,
1361 1722 1658 1778 quiescentibus
1700 1720 1991 1764 Senatoribus-
2025 1720 2108 1773 (*)
2142 1717 2246 1773 Qui-

1206 1786 1276 1827 bus
1301 1782 1328 1825 fi
1352 1781 1434 1836 spes
1456 1778 1633 1835 prosperi
1657 1777 1846 1821 successus
1871 1776 2071 1820 affulsisset
2093 1796 2115 1829 ,‘
2131 1787 2246 1818 nun-

1206 1855 1330 1897 quam
1374 1836 1560 1881 defuisset
1591 1836 1754 1880 animus
1787 1832 1994 1891 repetendi
2034 1832 2133 1886 juris
2164 1829 2245 1875 sui.

1336 1955 1376 1998 c
1437 1954 1476 1996 A
1538 1950 1570 1995 P
1631 1951 1675 1991 U
1734 1951 1780 2014 Τ
1908 1949 2122 1994 xxxvi.

1367 2069 1434 2112 De
1463 2068 1548 2120 iure
1579 2065 1763 2110 civitatis
1793 2065 1837 2108 in
1869 2065 2107 2108 exercitum.

1336 2184 1469 2225 UOD
1497 2193 1701 2237 utcunque
1725 2197 1747 2224 a
1766 2177 2251 2238 militibusintercipere-

1354 2253 1446 2292 tur,
1490 2256 1535 2282 ac
1577 2240 1831 2291 turbaretur,
1864 2251 2078 2293 nunquam
2110 2248 2250 2280 tamen

1322 2296 1574 2341 avesslebatur
1601 2314 1622 2339 a
1640 2297 1722 2340 sede
1743 2296 1957 2350 capiteque
1984 2294 2149 2348 imperii
2166 2296 2249 2337 Re-

1207 2354 1366 2410 publica
1389 2387 1401 2407 ,
1445 2370 1533 2411 quae
1564 2371 1586 2397 a
1617 2355 1768 2397 Senatu
1803 2352 2112 2408 praeferebatur.
2146 2352 2249 2394 Non

1205 2413 1320 2455 enim
1365 2411 1612 2462 Respublica
1656 2410 1880 2463 exercitui,
1943 2409 2004 2452 sed
2050 2408 2250 2452 exercitus

1208 2469 1462 2525 Reipublicae
1484 2469 1712 2522 ministrat3
1745 2484 1875 2524 neque
1897 2466 2142 2522 Respublica
2159 2481 2251 2522 pro-

1207 2540 1293 2582 pter
1325 2526 1583 2580 exercitum,
1617 2526 1682 2570 sed,
1702 2526 1903 2570 exercitus
1929 2535 2095 2580 propter
2122 2527 2252 2567 Rem-

1207 2584 1415 2640 publicam
1449 2584 1696 2627 instituitur:
1730 2597 1773 2627 ut
1795 2583 1910 2626 Plato
1939 2582 2056 2624 docet
2076 2580 2117 2623 in
2148 2579 2251 2623 libro

1207 2644 1252 2685 de
1285 2658 1439 2695 teano,
1474 2642 1540 2684 ubi
1574 2657 1668 2685 cum
1703 2655 1850 2684 omnes
1883 2652 1986 2682 artes
2017 2638 2061 2681 δε
2081 2637 2254 2682 faculta-

1207 2713 1290 2752 tes,
1325 2711 1413 2743 tun]
1447 2699 1655 2755 praecipuae
1700 2699 1922 2742 militarem
1963 2695 2098 2739 civilis
2136 2708 2252 2752 pote-

1206 2757 1313 2802 statis
1336 2757 1566 2801 ministerio
1597 2755 1775 2810 addicit,
1817 2755 1880 2799 his
1913 2752 2074 2808 verbis;

2189 2812 2224 2837 ''u''

2192 2826 2251 2851 -ιέ,

1431 2886 1907 2898 o———h——————·-

2019 2884 2144 2897 ..--

1207 2927 1359 2962 peratore
1399 2917 1441 2951 ad
1466 2921 1623 2952 Senatum
1649 2916 1773 2956 rediit,
1801 2917 1898 2950 miffis
1937 2917 1979 2950 ab
2003 2913 2151 2948 exercitu
2177 2912 2257 2944 lite-

1207 2963 1278 3004 ris,
1314 2964 1435 3008 quibus
1473 2975 1491 2995 a
1532 2966 1652 2997 Senatu
1685 2963 1872 3003 petebant,
1910 2970 1946 2994 ut
1971 2972 2012 2994 ex
2043 2959 2159 2992 ordine
2197 2956 2255 2987 suo

1209 3010 1399 3056 Principem
1443 3008 1625 3085 eligererq.
1670 3007 1732 3042 Sed
1780 3006 1838 3040 fibi
1884 3006 2035 3040 diffidens
2088 3007 2252 3038 Senatu33

1207 3056 1370 3099 probeque
1414 3054 1515 3087 sciens
1542 3077 1553 3093 ‚
1608 3053 1766 3086 exstesa
1809 3052 1839 3084 se
1882 3052 2049 3092 Principes
2091 3045 2256 3080 militib&

1208 3111 1275 3132 non
1329 3102 1480 3143 placere,
1527 3109 1595 3132 rem
1626 3098 1801 3141 aliquoties
1841 3096 1882 3129 ad
1910 3096 2036 3128 milites
2065 3091 2255 3128 retuierat‚

1206 3157 1224 3177 a
1267 3147 1386 3189 quibus
1430 3143 1570 3176 Tacitus
1610 3153 1766 3186 quoque,
1811 3152 1909 3184 quem
1936 3138 2072 3172 tandem
2119 3139 2257 3171 senatus

1207 3189 1360 3235 legerat,
1393 3189 1487 3225 sexto
1515 3188 1586 3232 post
1612 3188 1722 3227 mense
1752 3183 2047 3225 interemtusests
