2451 3470
722 100 1701 164 OPUSCULA.
2156 119 2261 174 135

133 185 288 230 lentam
321 184 614 228 hereditatem.
647 183 806 238 Quibus
833 183 913 227 illis
927 183 1058 226 verbis
1075 183 1165 224 ube·
1227 177 1493 223 intermortui
1522 175 1774 219 reviviscunt
1806 205 1814 213 .
1865 174 1989 237 Porro
2019 191 2115 219 cum
2147 178 2256 222 nihii

134 243 260 286 riores
291 244 340 286 ab
372 242 617 284 adstantibus
651 241 851 304 lacrymas
882 238 1172 294 exprimebat.
1226 251 1308 280 tam
1333 239 1573 279 Romanum
1600 232 1677 285 sit„
1706 246 1829 291 quam
1850 231 1964 273 obire
1990 248 2059 285 pro
2080 234 2257 279 aliorum

133 301 278 355 quue
312 315 384 341 nos
416 299 703 355 torquebamur
737 313 868 353 magis
899 327 911 349 ‚
945 296 1053 351 quod
1085 309 1171 337 tum
1227 295 1347 336 salute
1380 291 1588 347 pericula,
1621 288 1813 344 praestare
1829 285 1949 330 fidem
1972 319 1982 339 ,
2017 302 2256 335 contemne-

130 357 384 420 potissimum
420 348 793 419 intelligebamus„
825 365 1026 408 quantum
1060 352 1175 393 nobis
1227 366 1264 393 re
1300 364 1508 401 mortem,
1535 345 1783 390 antecellere
1815 346 1943 386 animi
1973 347 2258 399 magnitudine

130 427 240 456 mors
287 414 448 455 virtutis
494 412 669 454 fruStum
716 411 1011 465 interciperet.
1058 409 1173 451 Adeo
1232 408 1343 450 iebus
1388 406 1612 449 humanis:
1658 403 1743 454 jure
1787 401 1898 444 hunc
1932 401 2130 474 honorem
2165 407 2255 449 urbs

1224 463 1367 507 habuit
1400 463 1510 506 fratri
1546 475 1614 504 tuo
1636 491 1649 514 ,
1674 475 1838 517 quern,
1881 457 1907 502 si
1939 458 2163 514 respublica
2197 478 2256 505 re—

1226 522 1400 577 surgeret
1425 552 1438 574 ,
1480 519 1624 575 quovis
1657 519 1787 574 pretio
1821 491 1890 559 sibi
1922 518 2056 561 civem
2090 518 2258 571 adopta-

1221 592 1307 620 ret·
1342 580 1433 632 Ego
1465 592 1561 620 vero
1596 575 1782 630 plurimis
1807 574 1969 629 quidem
1999 575 2089 628 illi,
2119 586 2161 618 at
2178 576 2253 620 hoc

1220 634 1471 690 potissimum
1504 633 1706 676 beneficio
1736 633 1819 674 sum
1854 631 2069 675 obstrietus
2093 664 2106 685 ,
2157 649 2251 687 pro-

1219 703 1350 746 pterea
1381 691 1509 753 quod
1520 689 1722 745 sapientiae
1749 689 1851 731 vires
1872 715 1905 741 ,
1929 705 2027 746 quas
2062 688 2170 744 prius
2202 706 2252 735 ex

1217 761 1429 803 praeceptis
1478 759 1644 792 tantum-
1686 745 2027 803 Philosophorum
2073 747 2118 790 &
2165 763 2252 791 me-

1217 806 1347 854 moria
1379 820 1517 862 rerum
1549 804 1748 857 gestarum
1780 804 2090 858 comprehensas
2125 804 2249 848 habe-
2297 853 2301 858 ,

1217 864 1334 915 bam,
1372 877 1481 906 nunc
1514 860 1624 904 illius
1667 859 1848 915 periculo
1881 861 2014 917 reapse.
2060 861 2147 905 sum
2179 877 2249 907 ex-

1215 932 1347 974 pertus
1363 952 1374 964 .,
1404 922 1496 963 Nec
1527 919 1641 962 enirn
1667 917 1840 961 antehac
1865 930 2025 962 tantum
2048 918 2093 962 in
2115 919 2248 963 virtu-

1194 992 1252 1033 ¹te
1286 977 1486 1032 ponebam
1506 1008 1519 1030 ,
1548 988 1749 1032 quantum
1782 975 1825 1017 in
1849 991 1894 1018 ea
1917 977 2151 1030 ponendum
2171 977 2247 1021 esse

1213 1049 1277 1077 me
1310 1034 1419 1078 illius
1451 1033 1677 1077 constantia
1707 1032 1871 1076 docuit.
1907 1035 1967 1076 Ac
2002 1049 2111 1077 nunc
2127 1033 2246 1088 plane

1213 1091 1404 1145 intelligo
1437 1091 1590 1153 sapiens
1614 1089 1735 1132 stulto
1753 1089 1849 1145 quid
1871 1089 2054 1133 intersit.
2086 1091 2261 1134 Stultus·

1210 1149 1321 1190 enim
1344 1180 1356 1202 ‚
1387 1148 1486 1194 dum
1516 1152 1599 1199 eius
1632 1147 1761 1189 vitam
1792 1158 1862 1189 aut
1895 1147 1975 1201 spes
2007 1147 2126 1204 usque
2151 1163 2246 1203 pro·

1211 1205 1332 1248 traEia
1368 1205 1595 1260 suspendit,
1625 1216 1696 1247 aut
1727 1204 1896 1259 praesens
1929 1204 2122 1248 scelerum
2145 1221 2245 1248 con-

1211 1262 1374 1306 scientia
1405 1263 1605 1315 conficit,
1635 1273 1706 1304 aut
1737 1261 1885 1319 ret-exit
1919 1261 2164 1316 poenitentia
2187 1262 2242 1306 sui

1209 1319 1353 1374 ipsius,
1385 1318 1450 1363 vel
1484 1320 1540 1362 ita
1572 1319 1708 1372 vivit,
1740 1329 1784 1361 ut
1816 1317 1985 1374 singulis
2019 1322 2242 1363 momentis

1206 1377 1503 1432 extinguatur,
1535 1376 1630 1429 vel,
1661 1374 1895 1430 siunquarn
1913 1375 2127 1428 exoritur,
2162 1376 2245 1419 rni-

1207 1434 1313 1478 seriae
1334 1434 1625 1479 tantummodo
1645 1445 1875 1497 τερετεῑυην.
1906 1432 1997 1475 fons
2016 1433 2129 1476 enim
2147 1434 2240 1476 vita:

1206 1493 1309 1536 ratio
1341 1492 1424 1546 est,
1453 1507 1543 1548 quae
1572 1490 1696 1534 alitur
1718 1489 1956 1545 cognitione
1979 1490 2241 1533 veritatisat-

1203 1565 1280 1605 que
1323 1550 1621 1594 exercitatione
1652 1546 1851 1591 virtutum
1877 1578 1890 1601 ,
1928 1563 2102 1604 quarum
2136 1547 2237 1591 alte-

1204 1622 1287 1650 ram
1320 1607 1506 1672 eripiunt
1528 1621 1716 1650 errorum
1734 1605 1940 1658 tenebrae
1969 1605 2139 1648 alteram
2159 1605 2238 1648 sor-

1201 1665 1267 1707 des
1298 1665 1527 1708 vitiorum.
1557 1666 1703 1719 quue
1733 1661 1879 1713 majori
1914 1663 2062 1706 mortis
2091 1655 2239 1709 formi-

1198 1722 1292 1765 dine
1325 1722 1435 1766 stulti
1466 1720 1744 1776 corripiuntur
1771 1752 1784 1773 ,
1814 1719 1923 1776 quod
1958 1720 2101 1763 v-ivere
2131 1719 2231 1763 desi-

1200 1791 1304 1821 nunt
1335 1811 1348 1833 ‚
1391 1791 1614 1843 antequam
1647 1777 1696 1820 ad
1728 1778 1825 1820 vitae
1856 1776 1986 1819 limen
2018 1777 2227 1820 adierint.

1200 1836 1399 1879 Viventes
1443 1852 1557 1879 enim
1602 1834 1725 1878 toties
1763 1834 1895 1877 vitam
1931 1834 2190 1889 abrumpunt
2223 1866 2239 1887 ,

1197 1894 1353 1948 quoties
1383 1910 1406 1936 a
1438 1894 1529 1937 luce
1561 1890 1812 1948 cognitionis
1831 1891 1874 1934 &
1896 1904 2014 1946 portu
2034 1891 2233 1948 tranquil-

1198 1949 1324 1993 litatis
1370 1951 1645 2005 cupiditatum
1678 1948 1768 1991 aestu
1798 1979 1811 2000 ,
1844 1959 2038 2012 tanquam
2070 1948 2231 1991 adversa

1196 2008 1428 2062 tempestate
1449 2021 1718 2070 revocantur.
1749 2006 1844 2056 Jure
1870 2007 1997 2061 igitur
2019 2019 2196 2048 mortem
2217 2036 2232 2058 ,

1194 2077 1334 2118 itpote
1367 2065 1462 2107 vit-ee
1496 2064 1562 2107 vix
1593 2063 1692 2106 dum
1722 2061 1873 2104 exorsae
1896 2062 2152 2114 terminum,
2182 2063 2226 2109 ὃς

1188 2132 1456 2166 externorum
1490 2119 1779 2176 suppliciorum
1806 2118 2004 2172 initium,
2035 2119 2226 2174 pertime-

1193 2178 1328 2220 munt.
1361 2180 1551 2233 Qioium
1571 2192 1686 2221 enim
1719 2174 1833 2218 nulla
1851 2191 1937 2230 pars
1957 2191 2136 2231 corporis
2153 2191 2222 2217 va-

1187 2248 1253 2278 cat
1284 2251 1307 2277 a
1340 2237 1580 2290 voluptate,
1612 2248 1869 2297 quorumque
1900 2249 2027 2277 omne
2060 2245 2223 2288 tempus

1192 2291 1299 2334 vitiis
1345 2292 1637 2356 transmittitur
1666 2321 1678 2344 ‚
1711 2305 1759 2334 118
1793 2304 1900 2333 mors
1930 2291 1985 2334 est
2017 2289 2225 2334 mehercle

1185 2348 1452 2405 gravissima·
1441 2381 1457 2402 ‚
1485 2348 1685 2405 quoniam
1717 2362 1843 2391 omne
1875 2347 1945 2402 id,
1973 2346 2086 2399 cujus
2109 2347 2223 2391 causa

1187 2406 1316 2449 vitam
1348 2407 1636 2458 instituerant,
1667 2403 1871 2448 amittunt
1895 2436 1908 2458 ,
1937 2405 1981 2448 ὃς
2009 2435 2022 2459 ,
2055 2405 2124 2460 qui
2162 2405 2223 2447 su-

1187 2464 1308 2517 perest
1342 2495 1356 2516 ‚
1397 2463 1560 2507 animus
1591 2461 1813 2518 angoribus
1846 2461 2068 2505 reservatur
2096 2494 2104 2505 .
2137 2461 2221 2525 Qui

1187 2521 1329 2571 possint
1361 2520 1492 2577 igitur
1525 2535 1607 2563 non
1638 2519 1713 2563 esse
1744 2517 1995 2573 miserrimi,
2027 2535 2143 2564 cum·
2155 2519 2221 2562 vi-

1180 2577 1301 2619 deant
1341 2579 1545 2633 potiorem
1589 2577 1645 2620 sui
1691 2589 1847 2631 partem
1881 2607 1894 2629 ‚
1934 2591 2025 2632 quae
2053 2591 2222 2632 corpore

1181 2634 1497 2697 continebatur,
1525 2633 1690 2678 effluere
1713 2664 1727 2686 2
1756 2633 1920 2689 integra
1952 2633 2104 2687 modo,
2136 2634 2216 2676 mi-

1182 2691 1293 2734 nima
1331 2693 1431 2736 sorte
1462 2692 1551 2745 sui,
1581 2702 1748 2742 mente,
1778 2706 1855 2747 qua
1890 2705 1980 2734 raro
2014 2694 2102 2734 lunt
2135 2690 2221 2745 usi,

1179 2763 1345 2804 quaeque
1379 2749 1434 2794 ita
1466 2762 1574 2792 vivit
1594 2781 1617 2803 .‚
1646 2760 1690 2791 ut
1723 2747 1830 2790 nihil
1864 2747 2008 2791 habeat
2051 2749 2216 2811 vivendi

1181 2809 1408 2851 necessitate
1450 2807 1635 2851 miserius
1661 2809 1677 2849 2
1706 2805 1918 2860 Sapientes
1948 2820 2044 2849 vero
2078 2805 2217 2847 maxi-

88 2863 226 2906 sertim
280 2861 305 2904 si
351 2863 562 2904 Ronanos
609 2877 742 2905 mores
786 2878 868 2905 non
918 2863 1032 2906 saetis
1065 2865 1101 2906 so
1178 2878 1287 2926 mam
1334 2877 1491 2918 partem
1536 2863 1670 2907 funeri
1713 2862 1976 2916 supersunt,
2002 2862 2095 2917 quia
2139 2875 2215 2903 no-

87 2921 172 2963 lum
201 2951 212 2968 ,
265 2919 324 2961 sed
369 2920 430 2961 in
437 2935 501 2961 ori·
508 2930 574 2973 up
579 2935 603 2960 o
648 2918 717 2961 usu
754 2920 890 2962 Latini
927 2920 1117 2969 sermons<
1179 2919 1340 2963 tionum
1375 2923 1491 2977 copia
1523 2921 1567 2964 &
1600 2919 1794 2962 varietate
1829 2918 2085 2962 scientiarum
2120 2933 2212 2973 pro-

82 2976 339 3032 expresserit.
378 2978 552 3018 Roman
548 2992 613 3017 ini
648 2975 761 3018 enim
795 2991 946 3019 nomen
981 2977 1021 3020 8<
1055 2994 1116 3021 ur
1174 2977 1363 3021 ducentes
1410 2977 1733 3034 intelligentiam
1761 3007 1774 3028 ,
1829 2975 1872 3018 δί
1911 2975 2211 3040 amplificantes

84 3036 142 3077 bis
174 3035 285 3090 digni
295 3047 353 3076 tas
386 3034 426 3075 in
461 3049 506 3074 e)
529 3033 785 3077 conservatur
807 3064 818 3086 ,
851 3032 894 3074 in
926 3049 1006 3088 quo
1040 3035 1096 3077 lin
1177 3048 1358 3079 nentem
1395 3067 1408 3089 ,
1465 3050 1553 3091 quae
1607 3046 1692 3077 tota
1745 3031 2014 3087 intelligendo
2053 3030 2207 3086 co'gno·

81 3109 157 3148 gua
189 3124 201 3144 ,
245 3106 409 3134 morum
453 3091 612 3144 index,
660 3089 702 3132 ὃς
750 3089 932 3133 Romani
985 3106 1107 3135 more
1176 3090 1395 3148 {cendoque
1452 3093 1816 3189 versatur,Veam
1873 3091 1926 3132 sui
1970 3088 2205 3168 portionem

1789 3161 1812 3188 2
2119 3149 2212 3201 pr&-

129 472 245 514 enim
296 470 497 533 sapientiae
532 483 678 510 nervos
708 468 750 511 in
783 466 967 523 praesenti
1001 477 1171 508 conten—

128 528 185 570 dit
208 559 220 582 ,
252 539 299 570 ut
328 528 465 569 omnis
499 525 607 568 illius
640 525 856 568 maturitas
885 524 946 566 ad
964 521 1106 573 hujus
1102 537 1169 578 pe-

130 584 251 627 riculi
285 597 445 639 tempus
479 581 645 636 erupisse
681 583 924 625 videretur.
970 579 1171 634 Quamvis

129 643 246 704 enim
277 654 397 683 antea
431 639 642 695 prudentia
673 639 716 682 δι
748 637 944 681 firmitate
972 636 1163 691 praestitis-

131 697 187 741 fet
221 697 479 749 innumeris;
512 697 588 738 hoc
608 707 745 738 tamen
772 707 957 749 ternpore
977 705 1164 735 naturam

130 754 260 811 vicit,
282 771 328 797 ac
341 754 466 808 ipsam
483 767 607 815 prope
621 750 822 804 superavit
837 750 1165 793 humanitatem.

185 786 325 866 Quam
365 824 499 853 animi
533 807 801 862 praestantiam
833 821 918 850 non
950 806 1072 849 modo
1103 806 1163 849 lu-

123 868 213 925 &tus
257 867 302 910 &
331 865 448 909 dolor
479 865 791 908 necessariorum
821 895 835 918 ,
882 863 942 907 sed
974 864 1088 906 fletus
1118 879 1163 906 ac

122 923 301 981 gemitus
324 922 442 966 urbis
471 922 792 977 consequebatur
821 920 1045 985 universae,
1077 936 1164 976 quae

121 996 216 1025 cum
248 980 475 1036 periculum
509 978 619 1021 illius
650 979 866 1022 communi
890 977 1070 1033 squalore
1090 993 1159 1021 no-

112 1032 312 1082 bilitasset
337 1069 348 1090 ‚
370 1038 671 1080 'confirmatam
702 1035 846 1080 deinde
879 1034 1157 1078 valetudinem

119 1097 175 1139 est
218 1093 377 1151 ingenti
413 1095 547 1149 plausu
580 1093 787 1148 prosecuta
820 1124 833 1146 ‚
884 1093 1157 1148 virtutemque

115 1152 300 1196 hominis
334 1167 415 1194 non
450 1152 571 1194 modo
605 1164 772 1204 privatis
803 1149 972 1203 officiis,
1007 1150 1064 1192 sed
1087 1165 1151 1203 pu

116 1209 225 1253 blica
256 1210 385 1252 et'iam
419 1208 736 1251 honorificentia
768 1182 1019 1260 celebravit,
1051 1207 1152 1249 exci-

114 1267 212 1310 tatis
242 1267 305 1310 ad
323 1267 435 1309 illius
471 1266 629 1308 laudern
662 1263 1022 1307 eruditissimorum
1046 1265 1153 1307 viro-

115 1340 207 1367 rum
249 1324 503 1367 carminibus
532 1354 544 1375 ,
576 1322 722 1378 quibus
750 1321 903 1376 optimi
937 1322 1012 1364 viri
1046 1321 1149 1376 peri-

113 1381 254 1424 culum
298 1381 618 1435 deplorabatur
665 1380 757 1421 Nec
802 1394 986 1443 unquam
1019 1381 1152 1421 Roma

110 1439 295 1501 optimos
308 1437 417 1481 cives
431 1449 494 1479 tot
509 1435 689 1480 laudibus
701 1436 893 1489 ornavit,
922 1448 1021 1492 quot
1040 1451 1148 1479 nunc

107 1509 371 1558 peregrinum
404 1493 668 1548 Principem,
702 1493 728 1536 si
762 1493 884 1536 modo
916 1494 1150 1549 peregrinus
1184 1535 1186 1537 .

109 1551 303 1595 dicendus
334 1551 413 1604 est,
446 1553 514 1606 qui
549 1551 631 1604 post
664 1552 831 1606 antiqua
854 1551 1032 1594 instituta
1054 1567 1128 1596 con

106 1609 219 1653 vulsa
254 1609 425 1665 speciem
459 1608 587 1651 reddit
622 1610 822 1651 Romanae
849 1609 1033 1651 virtutis.

165 1626 292 1710 Necp
289 1666 404 1709 enim
434 1666 571 1709 exutis
603 1665 807 1708 Romanis
839 1666 1022 1709 moribus
1046 1666 1145 1710 civi-

107 1734 169 1767 tas
199 1723 401 1767 retinetur
426 1754 439 1775 ,
480 1722 522 1766 &
555 1722 656 1765 civis
688 1725 902 1765 Romanus
933 1723 986 1765 est
1018 1754 1031 1776 ,
1064 1739 1159 1767 non

97 1792 234 1838 'quern
280 1782 431 1835 septem
475 1779 600 1823 colles
630 1779 882 1832 ediderunt,
926 1795 975 1823 ac
1003 1781 1144 1825 educa·
1171 1832 1174 1835 ¹

110 1852 252 1891 runt3
284 1837 344 1880 sed
375 1836 442 1892 qui
477 1853 499 1880 e
532 1837 737 1879 veteribus
766 1838 1056 1881 Romanorum
1085 1839 1142 1881 in

108 1895 260 1938 stitutis
304 1893 505 1950 expressus
543 1894 600 1937 est
630 1907 752 1949 atque
784 1893 1023 1937 formatus·
1012 1926 1023 1947 ‚
1057 1897 1138 1947 qui

103 1967 182 2007 que
226 1950 270 1993 in
303 1950 563 2006 antiquitatis
596 1950 796 1993 memoria
828 1951 895 2014 diu
928 1952 1104 1995 versatus
1132 1970 1142 2006 3

103 2024 126 2052 e
169 2019 353 2051 veterum
387 2008 626 2063 cognitione
659 2020 778 2063 atque
812 2006 1072 2051 imitatione
1084 2009 1133 2052 fa-

103 2066 262 2108 &orum
299 2063 463 2118 suscepit
495 2080 540 2106 ac
575 2063 695 2107 refert
722 2076 904 2106 mentem
931 2066 1118 2109 animum

95 2136 180 2178 'que
212 2124 478 2164 Romanum.
511 2121 604 2175 Quo
621 2121 709 2163 sane
723 2134 966 2176 qureareat
996 2138 1132 2177 quam-

100 2194 161 2222 vrs
188 2179 230 2221 in
258 2178 469 2232 Capitolio
485 2190 633 2230 natus,
661 2178 755 2221 exul
787 2176 1024 2231 fueritille,
1057 2195 1136 2222 non

101 2237 227 2279 civis.
263 2236 423 2277 Contra
444 2267 456 2287 ,
487 2209 667 2290 quisqiiis
697 2235 883 2277 constans
913 2235 966 2278 est
999 2236 1043 2277 in
1075 2252 1133 2280 re-

100 2292 267 2336 tinenda
288 2291 501 2343 libertate,
527 2290 735 2347 quisquis
726 2307 767 2333 in
791 2291 1132 2337 sacramentorum

94 2350 173 2394 fide
203 2349 415 2405 religiosus
439 2380 448 2396 ,
494 2349 536 2390 in
569 2348 762 2391 adeundis
793 2349 981 2404 periculis
1012 2350 1132 2405 impi-

96 2422 168 2463 ger
195 2439 207 2460 ‚
252 2406 371 2449 fortis
412 2406 455 2448 in
502 2405 642 2459 patriis
676 2405 833 2459 legibus
864 2407 1210 2462 institutisquev

94 2464 251 2506 tuendis
267 2464 471 2519 ,quisquis
487 2463 532 2505 ad
550 2463 781 2518 voluptates
800 2463 1130 2517 temperantiam,

94 2521 141 2564 ad
175 2520 340 2571 injurias
366 2519 782 2575 magnanimitatem,
813 2521 861 2562 ad
880 2521 1137 2566 sumtusma

77 2576 377 2633 'gnificentiam
410 2579 454 2619 ad
492 2577 677 2620 secundas
710 2577 965 2633 adversasque
999 2593 1060 2620 res
1088 2595 1126 2621 a·

92 2634 196 2677 nimi
241 2633 554 2690 aequabilitatem
589 2634 818 2677 adhibuerit
842 2666 854 2687 ,
889 2651 921 2677 is
950 2667 962 2687 ,
993 2635 1125 2679 extin-

85 2692 154 2735 δὶα
186 2690 266 2742 jam
306 2693 438 2732 Roma
472 2691 541 2733 illa
573 2693 732 2744 veteri,
762 2692 951 2748 quamvis
990 2708 1010 2735 e
1043 2708 1125 2735 me-

91 2749 158 2791 dia
199 2747 366 2802 Scythia
412 2747 551 2789 fuerit
572 2761 735 2791 exortus
774 2781 786 2801 ‚
854 2765 874 2791 a
921 2750 1123 2792 Romanis

85 2805 308 2849 virtutibus
359 2807 549 2846 Romana
583 2805 641 2847 ci
640 2805 751 2848 itate
783 2806 991 2849 donatur·
983 2839 994 2858 ,
1026 2822 1116 2862 prae
