2451 3470
195 142 319 215 ‘10
636 145 776 200 DE
858 135 1399 194 ROMANO
1480 134 2045 197 IMPERIO

266 244 390 287 atque
437 225 481 271 in
528 223 658 267 vitam
690 219 734 262 δι
766 229 898 259 mores
929 213 1083 258 civium
1115 210 1302 255 animad·
1353 223 1446 252 cum
1483 210 1690 266 Principes
1723 229 1894 260 omnem
1919 213 2210 261 proconsulum
2223 215 2386 274 potesta,

264 300 498 339 vertente5‚
529 295 652 338 quem
683 275 838 319 vellent
867 273 1158 332 Senatoreme
1178 272 1303 332 Sena·
1353 279 1436 308 tem
1452 266 1819 326 adprehenderint,
1850 286 2061 328 propterea
2077 289 2159 318 non
2175 275 2398 319 consueve-

265 360 310 392 ω
353 352 601 392 moverent,
642 334 838 390 Equitem
884 345 933 373 ex
964 326 1130 383 equestri
1161 327 1303 369 ordine
1352 323 2168 389 rant.solemniterinscribiProconsules,
2201 347 2250 375 ne
2266 330 2398 376 veluti

1350 394 1472 444 certis
1492 384 1794 437 prov1nciarum
1809 386 1958 430 finibus
1971 387 2114 432 inclusi
2129 389 2298 432 modum
2316 388 2399 432 im-

1353 453 1465 501 perio
1499 439 1564 482 suo
1595 442 1775 497 accipere
1795 444 2054 488 viderentur.
2086 447 2189 502 Quae
2208 444 2397 489 causala-

1356 508 1435 558 tuit
1455 496 1696 560 casaubono
1717 500 1830 544 valde
1850 502 2076 545 admiranti
2097 533 2108 554 ‚
2140 503 2245 559 quod
2261 503 2302 546 in
2322 501 2396 545 suis

1354 552 1484 595 titulis
1507 554 1709 611 Principes
1728 556 1849 600 illum
1870 559 2122 612 Proconsulis
2140 574 2224 603 non
2246 559 2398 603 insere-

1352 622 1468 652 rant.
1504 612 1589 654 Etsi
1623 628 1706 656 non
1734 614 1864 658 desint
1894 615 2182 670 inscriptiones
2216 617 2396 672 antiquae

264 689 560 737 Domitianus,
592 681 674 732 (b)
704 676 771 733 qui
804 674 1033 718 Censuram
1065 683 1302 727 perpetuam
1350 666 1430 719 Γ]
1449 669 1775 723 Imperatorum,
1806 671 2398 729 [g]inquibusabsciffelegi-

264 746 461 800 suscepit,
493 740 557 784 vel
587 739 653 781 sub
669 732 837 777 nornine
853 730 1096 787 praefef'turae
1110 743 1302 780 morum,
1352 736 1418 766 tur
1466 726 1622 769 Procos.
1658 727 1721 771 vel
1754 730 1933 784 Proconſs
1969 731 2041 772 Sed
2071 729 2133 772 vel
2165 729 2215 772 ab
2245 729 2399 782 ignaris

263 818 311 849 ut
342 803 474 856 Julius
504 797 660 848 Caesar,
693 792 773 845 (c)
804 802 874 833 aut
904 801 1068 831 morum
1470 781 1513 824 δε
1547 784 1782 841 plerumque
1813 786 2018 843 imperitis
2044 802 2177 830 rerum
2202 786 2393 830 civilium

265 405 313 450 ad
345 400 520 459 plebeios
551 395 762 447 rejicerent
787 420 798 442 ‚
830 388 1013 451 bonaque
1040 383 1175 427 aliena
1208 398 1301 427 cen-

264 464 305 506 su
336 460 490 517 agendo
521 469 593 511 pro
625 447 870 494 suoarbitrio
886 445 1156 494 aestimarent3
1188 442 1301 483 Cen-

262 519 408 563 soriam
443 512 679 572 potestatem
711 504 903 562 gerebant
933 533 945 556 ‚
977 498 1042 564 trel
1074 499 1158 541 solo
1188 511 1304 542 exer-

263 576 363 622 citio
395 573 475 617 sine
506 570 592 613 ullo
624 567 776 610 honore
808 560 851 603 ἃ
884 571 1056 620 nomme
1083 587 1096 610 ,
1127 558 1216 610 (a)
1238 555 1302 599 vel

266 647 362 678 'cum
394 629 566 674 nomine
604 637 721 677 atque
754 620 908 661 honore
941 615 1225 671 magistratus,
1258 626 1301 656 ut

268 859 488 917 regiminis
514 888 525 910 ,
570 866 612 896 ut
655 847 857 903 Augustus
888 877 900 899 ‚
942 846 1034 898 (d)
1076 846 1144 899 qui
1182 854 1304 897 patris
1353 838 1476 881 fabris
1506 840 1659 891 adjeeh
1692 842 1855 886 fuerunt
1881 875 1894 897 ,
1938 844 2044 901 quod
2078 843 2358 899 intelligerent
2384 873 2398 897 ‚

266 917 482 972 exemplo,
515 923 673 954 mutato
705 907 787 957 ejus
821 903 1074 958 magistratus
1104 899 1302 952 nomine,
1354 897 1651 950 Imperatorem
1681 914 1801 952 agere
1825 913 1946 957 atque
1969 900 2105 944 haberi
2128 900 2276 955 ubique
2299 901 2400 943 Pro-

266 975 456 1020 censurae
486 969 624 1013 odium
653 963 935 1016 invidiamque
971 958 1202 1004 mulcebat.
1354 953 1585 1016 consulem:
1622 955 1684 998 vel
1708 957 1994 1001 proconsulare
2014 957 2242 1014 significant
2261 957 2397 1014 impe-

1357 1025 1464 1052 rium
1484 1042 1492 1053 .
1525 1014 1618 1066 Quo
1633 1012 1792 1056 facilius
1807 1014 1909 1058 mihi
1926 1015 2137 1070 persuadeo
2154 1047 2167 1068 ,
2193 1029 2241 1058 ex
2257 1014 2399 1057 omni-

1357 1068 1428 1111 bus
1459 1069 1758 1124 Imperatorum
1783 1070 1935 1122 juribus
1958 1072 2242 1114 proconsulare
2262 1072 2396 1127 impe-

1358 1125 1491 1179 rium,
1525 1125 1637 1169 velut
1658 1142 1804 1170 eorum
1825 1126 1937 1170 fuisse
1958 1128 2208 1171 ordinariam
2229 1129 2400 1184 potesta-

1357 1197 1471 1235 tem,
1502 1199 1595 1226 cum
1631 1199 1842 1239 nunquam
1876 1184 1959 1228 illis
1986 1202 2012 1228 a
2042 1187 2193 1229 Senatu
2225 1184 2395 1237 deesset,

1359 1240 1423 1282 ubi
1454 1240 1570 1283 semel
1586 1257 1608 1283 a
1623 1241 1823 1285 militibus
1839 1244 2108 1297 Imperatores
2121 1242 2313 1299 appellati
2329 1242 2398 1284 sub

1357 1298 1476 1340 duem
1508 1298 1762 1353 auspicioque
1786 1299 1850 1341 suo
1873 1300 1914 1341 P.
1940 1302 1988 1341 R.
2004 1300 2207 1343 exercitus
2225 1298 2402 1355 accepis-

1360 1355 1467 1398 sent.
1502 1356 1617 1398 Tum
1649 1359 1761 1399 enim
1794 1371 1889 1409 eos,
1921 1367 2117 1412 tanquam
2137 1369 2309 1412 cognata
2330 1371 2402 1411 po-

1357 1413 1469 1454 testas
1484 1443 1496 1465 ,
1518 1412 1807 1455 Proconsulare
1821 1413 2040 1468 imperium
2062 1426 2255 1468 perpetuo
2269 1412 2402 1456 comi·

471 1086 511 1130 C
571 1083 611 1126 A
673 1080 702 1122 P
763 1078 805 1119 U
866 1075 910 1117 T
1024 1083 1081 1125 X,

583 1167 649 1214 'De
678 1161 960 1217 Proconsulatu
974 1191 986 1202 .

398 1255 555 1304 Rbanis
604 1253 715 1297 hisce
758 1245 1056 1304 magistratibus
1087 1243 1132 1287 in
1161 1258 1303 1306 eorum

418 1315 629 1374 personam
662 1307 826 1353 collatis
848 1307 1123 1366 Imperatores
1135 1316 1304 1352 conjun-

263 1389 415 1422 xerunt
449 1373 677 1426 supremum
711 1362 1013 1422 provinciarum
1043 1369 1225 1415 regimen
1239 1359 1306 1400 de-

265 1436 396 1478 latum
429 1447 450 1474 a
481 1430 631 1472 Senatu
664 1421 968 1479 perimperium
989 1415 1302 1467 proconsulare,

269 1490 375 1549 quod
408 1489 457 1532 iis
490 1483 740 1529 tribuebatur
760 1477 983 1528 omnibus,
1015 1474 1114 1517 adeo
1146 1485 1190 1516 ut
1219 1487 1303 1514 non

265 1548 391 1593 modo
422 1545 467 1588 in
502 1539 721 1598 provinciis
753 1533 930 1581 unversis
960 1547 1050 1575 eam
1066 1531 1304 1591 potestatem

270 1603 624 1650 nanciscerentur,
655 1611 777 1652 quam
810 1590 955 1646 finguli
988 1587 1306 1632 Proconsulesin

267 1664 335 1706 sua
367 1693 380 1715 ,
430 1658 497 1702 ubi
532 1657 644 1699 rebus
674 1655 718 1696 in
749 1648 938 1694 civilibus
970 1645 1233 1701 potestatem,
1264 1642 1306 1685 δι

267 1721 312 1766 in
343 1714 589 1761 militaribus
621 1710 841 1766 imperium
873 1705 1076 1748 habebant
1109 1701 1196 1757 lege
1218 1701 1304 1744 Cu-

261 1778 402 1820 riata:
450 1772 511 1816 sed
553 1769 774 1824 imperium
818 1777 978 1820 quoque
1015 1760 1188 1803 liberum
1218 1789 1230 1811 ‚
1258 1773 1307 1801 ac

270 1834 475 1877 summum
506 1828 584 1871 sine
601 1822 890 1882 provocatione
911 1851 924 1872 ,
957 1817 1074 1874 quale
1087 1816 1307 1859 Cn.Pom-

1357 1471 1538 1512 tabatur:
1570 1482 1711 1524 utpote
1741 1469 1960 1512 aucloriras
1991 1470 2223 1522 militaris,
2256 1485 2346 1526 qua:
2372 1485 2399 1513 a

1356 1528 1507 1569 Senatu
1539 1526 1587 1569 ad
1619 1526 1947 1569 confirmandum
1970 1526 2151 1569 militum
2173 1526 2400 1580 judicium,

1355 1584 1397 1626 δε
1429 1583 1476 1626 ad
1500 1583 1796 1639 expediendum
1814 1598 1964 1626 munus
1988 1583 2303 1640 Imperatorium
2324 1583 2400 1626 tri-

1357 1641 1579 1684 buebatur:
1609 1640 1711 1684 adeo
1742 1652 1784 1683 ut
1815 1640 1861 1682 in
1894 1639 2077 1696 Imperio
2112 1639 2393 1684 proconsulari

1357 1697 1453 1750 juris
1487 1696 1745 1752 Imperatorii
1779 1698 1935 1741 summa
1968 1698 2145 1742 versetur
2172 1714 2182 1739 z
2215 1713 2298 1751 quo
2321 1698 2404 1742 im-

1361 1756 1471 1811 perio
1503 1755 1663 1808 ablato,
1696 1754 1777 1810 ipse
1807 1755 1968 1798 videtur
2000 1755 2181 1799 ademtus
2214 1756 2400 1811 Impera·

1361 1827 1423 1856 tor
1449 1828 1461 1867 3
1490 1828 1587 1857 cum
1619 1812 1647 1855 fi
1675 1811 1912 1856 auferantur
1944 1812 2199 1868 magistratus
2229 1812 2402 1866 urbani,

1361 1881 1508 1925 nempe
1537 1869 1781 1913 Tribunitia
1808 1870 2004 1925 potestas,
2033 1869 2300 1922 &Censura,
2330 1868 2403 1911 ni-

1360 1928 1420 1971 hil
1452 1929 1499 1971 de
1531 1926 1802 1984 Imperatorio
1831 1942 2004 1971 munere
2026 1922 2403 1982 pereat.']deoqt*e
2442 1932 2451 1935 ’“

1359 1985 1601 2029 Tribunitia
1654 1985 1823 2040 potestas
1849 2017 1861 2038 ,
1904 1996 2042 2039 utpote
2088 1983 2315 2027 adventitia
2358 1983 2406 2026 fi-

1363 2042 1477 2096 mul‚
1507 2041 1549 2085 &
1584 2042 1836 2096 summopere
1871 2040 2048 2097 Principi
2076 2040 2318 2093 necessaria,
2341 2040 2404 2087 „ti-

1363 2100 1458 2143 tulis
1491 2099 1738 2150 interjicitur
1768 2099 1952 2154 semper,
1985 2113 2034 2142 ne
2069 2099 2133 2141 sua
2165 2113 2257 2141 curn
2288 2091 2406 2157 grau-

1363 2158 1409 2200 de
1441 2156 1663 2200 intermissa
1687 2155 1900 2211 'videretur
1924 2157 2274 2210 ‘abImperatore3
2306 2155 2405 2198 Pro-

1360 2212 1572 2258 consulare
1625 2227 1721 2256 vero
1772 2214 2005 2269 Imperium
2063 2213 2198 2269 saepius
2242 2211 2406 2255 omitti-

273 1889 384 1945 pejus
414 1886 521 1930 bello
555 1883 723 1939 piratico
756 1881 843 1933 lege
874 1875 1307 1936 Gabiniaimpetrave·

267 1960 332 1989 rat
353 1978 366 2000 ,
398 1943 476 1997 [e]
508 1942 574 1985 ubi
607 1939 769 1982 fuissent
801 1938 1070 1997 Impera-tores
1099 1943 1224 1995 creati
1246 1961 1257 1983 ,
1288 1946 1310 1972 a

269 2005 421 2047 Senatu
464 1997 750 2053 accipiebant.
795 1992 915 2047 Quod
959 2004 1182 2045 imperium
1215 1988 1308 2030 Pro-

271 2058 478 2104 consulare
510 2068 624 2099 extra
656 2051 905 2108 pomoerium
935 2079 947 2100 ,
991 2047 1069 2109 live
1112 2047 1207 2089 urbe
1239 2045 1312 2087 sta-

274 2118 354 2160 tim
387 2114 634 2171 egredientes
668 2107 828 2152 sublatis
853 2105 1077 2160 insignibus
1096 2117 1311 2158 exprome-

277 2176 375 2217 bant
410 2174 452 2216 in
484 2183 651 2213 omnem
685 2166 826 2208 orbem
850 2166 1119 2213 Romanurn,
1153 2171 1313 2215 propte-

271 2245 421 2285 reaque
464 2228 507 2270 &
553 2221 815 2268 Proconsules
856 2218 1162 2274 appellabantur
1190 2234 1213 2279 ι.
1236 2214 1314 2270 (f)

277 2286 464 2343 quamvis
496 2283 537 2326 δί
571 2283 678 2325 intra
711 2277 962 2334 pomoerium
984 2274 1314 2337 Augustus-idem

279 2342 500 2398 imperium
531 2354 579 2383 ex
612 2339 650 2380 S.
679 2338 734 2379 C.
766 2334 1005 2378 retinuerit.
1038 2333 1166 2386 quue
1187 2345 1314 2385 impe·

273 2402 383 2444 rium
415 2399 468 2442 est
504 2395 603 2439 illud
624 2393 828 2445 militare,
859 2392 903 2434 in
917 2389 1131 2446 quocardo
1145 2388 1315 2430 vertitur

275 2455 551 2515 principatus:
578 2452 684 2508 quod
694 2451 865 2493 florente
880 2446 1315 2506 Republicarperquam

276 2530 369 2559 raro
399 2513 444 2557 &
474 2509 634 2567 paucis,
666 2524 711 2551 ac
734 2506 942 2562 praefinito
973 2515 1157 2560 tempore
1184 2518 1196 2556 3
1229 2504 1313 2545 Im—

276 2569 529 2627 peratoribus
557 2582 650 2610 vero
663 2576 750 2609 tota
763 2563 847 2607 vita
860 2562 1104 2614 tradebatur,
1116 2572 1314 2623 tanquam

277 2627 478 2672 Consules
510 2632 741 2669 crearentur
772 2620 1075 2676 provinciarum
1089 2632 1315 2670 omnium,

1363 2284 1429 2314 tur
1457 2302 1470 2325 ‚
1503 2271 1596 2326 quia
1625 2270 1817 2314 omnium
1850 2271 2045 2326 opinione
2068 2285 2172 2313 :cum
2203 2267 2286 2320 jure
2321 2271 2410 2313 Im-

1361 2330 1559 2385 peratoris
1600 2328 1825 2371 cohaerebat
1848 2360 1866 2381 ,
1901 2340 1950 2371 ut
1989 2342 2089 2384 opus
2136 2342 2185 2370 eo
2225 2326 2404 2382 cipreffo

1362 2402 1450 2430 non
1494 2385 1589 2429 esset
1616 2416 1625 2427 .
1671 2385 1789 2440 Quod
1821 2384 1934 2428 enim
1969 2384 2011 2428 in
2043 2383 2259 2427 discrimen
2294 2385 2410 2428 veni-

1366 2459 1407 2488 re
1451 2442 1679 2499 nequibat,
1723 2442 1847 2486 nullis
1893 2441 2109 2485 titulorum
2140 2452 2225 2483 erat
2257 2456 2407 2485 monn·-

1362 2502 1517 2545 mentis
1560 2499 1866 2556 reparandum.
1909 2498 1976 2542 Ad
2019 2496 2258 2542 coercendas
2290 2499 2408 2555 quip-

1366 2574 1413 2613 pe
1446 2557 1678 2614 provincias
1708 2573 1779 2611 per
1812 2555 2040 2612 Imperium
2071 2554 2362 2599 Proconsulare
2391 2588 2405 2612 ,

1365 2614 1610 2671 Respublica
1662 2613 1838 2658 ediderat
1901 2614 2199 2667 Imperatorem
2244 2645 2252 2654 .
2310 2614 2408 2657 Ideo

1364 2672 1569 2724 Traianus
1592 2704 1605 2727 ,
1649 2683 1693 2715 ut
1744 2671 1945 2714 videretur
1976 2669 2047 2712 fibi
2077 2668 2292 2724 designasse
2325 2671 2409 2714 suc-

1364 2734 1558 2777 cessorem
1599 2729 1825 2774 Neratium
1869 2726 2075 2782 Priscum,
2107 2728 2123 2779 (
2148 2727 2213 2778 h)
2244 2727 2329 2771 haec
2356 2728 2409 2771 ad

2308 2801 2409 2830 eum

271 2702 368 2730 curn
400 2680 618 2727 Proconsul
652 2680 698 2723 in
730 2690 884 2722 certam
918 2674 1176 2731 provinciam
1198 2675 1314 2716 Con-

270 2743 448 2787 sularem
474 2738 716 2802 potestatem
741 2734 961 2790 explicaret
985 2765 993 2776 .
1031 2731 1316 2788 Quoimperio

1062 2865 1319 2878 —2-0—
1363 2867 1466 2877 t-——u

319 2914 338 2951 (
355 2910 406 2949 a)
430 2910 520 2943 Dion
544 2885 604 2942 rib.
637 2916 685 2946 53.
1361 2911 1429 2944 que
1457 2899 1688 2943 inscriptiones
1713 2897 1791 2929 duas
1818 2920 1828 2936 ‚
1858 2897 1892 2929 in
1915 2897 2034 2940 quibus
2060 2892 2264 2944 Proconsulis
2289 2896 2408 2945 titulus

318 2954 368 2997 (b
390 2970 394 2985 .-
413 2951 500 2997 fasti
525 2953 705 2993 consulares
720 2973 728 2981 .
1369 2944 1497 2979 nomini
1524 2943 1742 2994 Imperatoris
1766 2941 1940 2994 subjici-tur
1957 2963 1968 2980 ,
1993 2938 2231 2974 Schvvattzius
2246 2938 2384 2974 exhibet
2398 2964 2407 2974 .

319 3004 338 3042 (
355 3000 400 3039 c)
426 2999 530 3031 Cicer..
558 2997 615 3030 lib.
645 3005 671 3034 9.
699 2991 789 3035 epist.
821 3002 868 3033 x5.
891 2992 936 3026 ad
953 2993 1038 3034 fam.
1063 2991 1150 3025 Dion
1174 2990 1234 3026 lib.
1262 3000 1316 3031 43.
1332 3013 1347 3228 l
1365 2991 1394 3031 §.
1430 3000 1480 3029 ¹3·
1507 2991 1664 3021 Rationes
1690 2997 1735 3020 rei
1762 2988 1817 3020 alu
1843 2987 1925 3019 alias
1949 2983 2082 3018 reddere
2107 2982 2255 3026 satagunt
2274 3005 2281 3013 .
2309 2986 2412 3026 Span-

272 3049 412 3083 sveton.
436 3045 472 3075 in
495 3045 566 3083 Jul.
595 3048 663 3083 cap.
689 3042 741 3080 76.
919 3077 922 3080 Δ
1366 3035 1498 3069 hemius
1521 3033 1612 3066 inter
1635 3041 1763 3065 ceteros
1788 3031 1822 3065 id
1846 3031 1920 3065 ideo
1942 3028 2064 3062 factum
2090 3036 2183 3071 putat
2206 3048 2219 3067 ‚
2240 3028 2316 3070 quia
2337 3033 2415 3066 im.

318 3089 404 3131 (d)
420 3087 507 3132 fasti
529 3088 707 3127 consulares
726 3107 734 3114 .
761 3086 895 3116 sveton.
921 3082 957 3114 in
985 3085 1070 3122 Aug.
1097 3088 1163 3124 cap.
1193 3091 1251 3122 ²7·

304 3138 339 3175 ’ζ
353 3134 403 3172 ε)
420 3130 595 3165 Plutarch.
620 3131 655 3162 in
683 3132 796 3170 Pomp.
888 3138 891 3139 ⁷

318 3180 394 3220 (f)
419 3178 506 3211 Dion
530 3176 589 3209 tib.
616 3185 664 3214 53.
689 3180 764 3215 pag.
795 3180 869 3210 508.

318 3225 397 3263 ζ’)
435 3226 486 3256 Ex
524 3218 677 3263 Mariigli
718 3215 937 3250 monumentis
961 3213 1207 3250 Danubiattbus
1229 3223 1310 3258 quo-

1369 3087 1538 3124 peratores
1562 3085 1718 3117 tantum,
1744 3088 1820 3112 eum
1843 3082 1938 3111 extra
1959 3074 2090 3109 Urbem
2113 3072 2212 3106 essent
2227 3083 2238 3104 ν
2267 3070 2410 3110 hoc-110.

1367 3135 1444 3158 men
1469 3123 1698 3165 usurpaverint
1716 3144 1725 3154 .
1772 3145 1774 3147 v

1413 3169 1500 3210 (g)
1526 3167 1610 3201 Vide
1635 3166 1774 3201 Salmas.
1799 3167 1836 3198 in
1860 3165 1962 3197 Marc.
1991 3163 2152 3197 Antonin,
2178 3168 2247 3206 eap-
2274 3164 2308 3195 6.

1412 3215 1486 3257 (Η
1513 3212 1676 3256 spartian.
1701 3213 1739 3246 i»
1764 3211 1902 3246 Adrian.
1927 3217 2002 3252 pag.
2029 3216 2085 3241 21.
