2451 3470
471 67 1786 165 ιῖΒΕκεΙΝῦυιᾸἭιῐς.
2156 128 2222 180 39

76 203 123 232 ac
154 185 325 230 lubrico
358 200 496 230 rerum
529 186 630 230 statu
649 186 953 241 deposuerunt3
986 184 1048 228 sed
1069 199 1133 228 re-

87 246 307 288 tinuerunt
355 243 459 299 apud
494 257 653 288 certum
694 244 738 287 &
769 239 1012 287 invariabile
1045 258 1136 286 cor-

81 317 179 356 pus,
227 315 399 357 eamque
455 317 550 344 cum
594 300 855 353 aeternitate,
904 313 1031 354 quam
1064 298 1134 342 sibi

81 358 385 414 despondebant
445 360 615 403 Senatus
654 354 972 412 &Respublica
995 387 1006 407 ‚
1037 372 1137 399 con-

81 427 333 460 texuerunt:
370 429 421 459 ut
457 418 673 460 Romanus
705 414 957 470 principatus
980 415 1136 456 Roma-

84 488 269 529 numque
302 473 548 524 Imperium
584 473 750 517 societas
781 470 905 515 fuerit
936 470 980 513 &
1021 485 1135 513 com-

91 531 242 574 munio
274 530 493 581 majestatis
528 529 638 574 illius
669 543 794 585 quam
825 527 1067 571 continuam
1091 528 1137 571 ἃ.

85 601 278 635 nativam
323 589 493 631 Senatus
539 587 714 631 habebat
738 618 748 628 .
780 585 905 628 Unde
937 599 1022 628 non
1054 584 1136 627 mi-

93 661 212 692 rum,
248 645 272 688 si
304 657 429 688 etiam
461 656 603 688 exorto
635 642 843 698 Imperio,
885 641 1135 693 Senatusju-

94 717 136 746 re
186 703 255 744 suo
288 717 457 744 munera
500 700 572 743 illa
602 712 760 754 gereret
791 697 960 751 omnia,
992 697 1136 753 quibus

92 758 353 814 potiebatur,
399 757 570 800 florente
590 755 856 809 Republica,
899 767 1044 809 praeter
1074 753 1135 806 ju-

94 816 296 860 diciorum
346 812 607 867 popularium
651 812 695 855 &
726 811 996 856 comitiorum
1024 824 1135 867 pote-

90 873 230 916 statem
276 870 441 913 Tiberii
496 882 681 925 tempore
714 869 756 913 in
792 869 827 912 se
861 869 1135 922 translatam3

89 941 304 983 ceteraque
349 927 592 971 communia
637 942 731 970 cum
782 925 974 982 Principe
1016 925 1135 970 simul

92 996 328 1037 exerceret,
360 984 404 1027 &
437 985 481 1027 in
516 983 748 1038 Principem
769 983 926 1040 ipsum,
959 983 986 1026 fi
1007 986 1133 1028 Rem-

92 1041 303 1099 publicam
349 1042 516 1085 Senatui
558 1042 761 1086 creditam
811 1042 994 1085 eversum
1026 1040 1136 1095 iret,

93 1100 239 1154 capitis
286 1098 412 1142 etiam
459 1097 657 1155 supplicio
687 1097 1061 1152 animadverteret,
1093 1115 1132 1142 a·

97 1157 251 1213 deoque
284 1154 453 1200 Senatui
485 1155 647 1210 publica
679 1155 845 1211 potestas
866 1155 1067 1209 haerebat,
1095 1167 1137 1198 ut

93 1214 285 1270 quamvis
341 1229 432 1257 eam
479 1213 717 1256 Triumviri
771 1224 933 1256 extorto
976 1228 1137 1269 quoque

83 1272 267 1322 ,Senatus
311 1270 506 1314 consensu
551 1270 843 1325 arripuiffent;
892 1283 1031 1313 tamen
1077 1286 1132 1314 re·

92 1329 165 1372 bus
196 1329 247 1370 ab
279 1328 313 1371 se
346 1328 462 1382 gestis
488 1359 499 1380 ,
553 1340 598 1371 ut
645 1327 903 1370 securitatem
934 1327 977 1370 ὃς
1008 1328 1135 1371 firmi-

93 1398 223 1429 tatem
269 1384 499 1437 haberent,
530 1385 702 1427 Senatus
733 1385 1021 1428 austoritatem
1052 1384 1132 1437 adj-

96 1442 301 1487 iciendam
334 1453 552 1485 curarunt:
589 1453 632 1485 ut
666 1441 787 1486 refert
820 1443 963 1486 Dion.
993 1444 1081 1495 (a)

209 1555 250 1598 C
311 1556 353 1599 A
417 1556 447 1598 P
505 1555 551 1596 U
611 1557 655 1599 T
784 1558 1022 1601 XXXVII.

96 1672 162 1715 De
189 1680 377 1726 perpetua
390 1668 578 1727 potestate
601 1672 773 1715 Senatus
785 1672 827 1715 in
841 1673 1114 1728 Imperatorem
1129 1706 1137 1715 .

206 1788 247 1829 X
281 1802 361 1842 quo
392 1786 667 1842 intelligimus
696 1786 781 1839 jure
816 1786 979 1842 publico
1005 1788 1135 1843 Impe—

226 1857 402 1886 ratorem
438 1844 548 1889 fuiffe
583 1845 626 1887 in
661 1845 853 1900 potestate
885 1846 1056 1888 Senatus
1076 1858 1137 1888 ut·

96 1915 256 1956 cunque
290 1900 489 1946 violentia
522 1902 742 1956 militaris,
775 1917 863 1959 quae
894 1915 998 1946 nutu
1024 1902 1137 1945 Prin-

93 1956 191 2009 cipis
217 1959 433 2014 regebatur
454 1961 651 2003 Senatum
674 1960 916 2017 plerumque
937 1976 987 2003 ac
1010 1963 1134 2004 Rem-

95 2013 208 2068 publ.
254 2015 486 2061 universam
536 2017 696 2062 libidini
727 2017 920 2069 objiceret
953 2020 1135 2074 Impera·

94 2072 195 2114 toris
215 2102 225 2115 .
276 2073 360 2116 Cui
391 2075 506 2119 enim
558 2074 622 2120 vel
655 2075 802 2119 leviter
834 2075 1015 2119 historias
1048 2092 1134 2131 per-

90 2128 282 2172 trafi'tanti
331 2145 416 2175 non
459 2132 496 2176 se
548 2133 793 2177 obtulerunt
838 2133 1028 2189 exempla
1062 2134 1135 2177 ‘da-

93 2201 336 2231 innatorum
366 2203 417 2232 ex
448 2190 546 2232 S.C.
581 2190 860 2246 Principum?
1003 2208 1007 2209 ⁷

55 2256 57 2259 ⁴
147 2244 391 2300 Caligulam
439 2246 529 2291 sane
573 2247 746 2292 infamia
779 2261 920 2292 notare
951 2248 1139 2292 decreve-

84 2313 180 2345 rant
223 2302 387 2355 Patres,
432 2304 475 2347 ni
520 2304 751 2359 Claudius,
795 2306 864 2361 qui
897 2306 1139 2349 Tribunitia

90 2359 371 2403 intercedendi
433 2362 623 2417 potestate
692 2363 917 2406 Caesaribus
973 2364 1137 2407 consue-

96 2427 138 2460 ta
183 2417 448 2471 potiebatur,
498 2419 747 2474 obstitisset,
792 2433 861 2463 aut
905 2419 1041 2475 potius
1080 2421 1138 2463 di-

90 2471 288 2536 stuliffet3
336 2474 534 2530 siquidem
580 2477 782 2521 infamem
829 2477 990 2532 posteris
1023 2478 1136 2523 fuisse

88 2530 184 2594 Caii
237 2534 515 2587 memoriam,
562 2547 651 2578 tum
695 2546 745 2579 ex
798 2535 884 2592 lege
918 2537 1047 2589 Regia
1078 2537 1136 2579 di-

90 2587 268 2652 dicimus
289 2621 301 2643 ,
340 2603 429 2635 tum
460 2608 511 2636 ex
546 2593 684 2637 Dione
715 2591 805 2646 (ὖ)
838 2594 1138 2649 cognoscimus,

91 2660 161 2699 qui
207 2645 371 2691 abfuisse
414 2648 536 2694 refert
583 2650 676 2702 Caji
723 2667 877 2695 nomen
911 2668 933 2694 a
967 2667 1139 2695 numero

93 2702 431 2767 Imperatorum,
491 2723 666 2763 quorum
722 2710 894 2752 Senatus
938 2710 980 2752 in
1031 2709 1136 2762 jura-

47 2794 50 2799 ,
90 2770 246 2814 mentis
294 2760 338 2805 δι
392 2763 498 2807 votis
551 2766 781 2811 meminisse
833 2767 1097 2813 consueverat
1127 2801 1137 2812 .

1184 180 1300 236 Quin
1331 181 1374 225 δε
1407 181 1488 236 ipse
1520 179 1721 224 Claudius
1751 179 1999 224 amovendas
2028 181 2152 226 nostu
2181 200 2225 228 e-

1183 238 1242 291 jus
1273 239 1446 291 statuas,
1477 239 1535 291 (c)
1566 237 1610 281 &
1641 236 1955 280 constitutiones
1987 236 2104 291 ipsius
2128 240 2226 285 abo-

1185 296 1323 340 lendas
1370 296 1528 340 curavit
1555 311 1565 335 ε
1598 295 1768 338 Senatus
1800 293 2002 336 nimirum
2033 295 2226 340 volunta-

1184 365 1267 397 tem
1287 353 1499 409 amplexus
1514 385 1523 395 .
1551 352 1768 396 Neronem
1783 382 1797 405 ,
1820 351 1952 394 adhuc
1976 349 2189 396 viventem
2211 384 2226 407 ‚

1183 412 1353 455 Senatus
1394 410 1549 453 hostem
1593 409 1731 465 patriae
1760 407 1984 460 judicavit,
2017 406 2061 451 &
2092 408 2228 453 laten-

1183 480 1269 511 tem
1312 468 1360 510 ad
1407 466 1652 523 supplicium
1683 465 1920 521 deposcebat
1940 496 1953 519 ,
1985 476 2029 507 ut
2061 466 2228 520 punire-

1183 537 1247 569 tur
1289 540 1404 569 more
1446 523 1682 578 majorum,
1725 538 1902 579 nempe,
1953 523 1998 565 ut
2038 521 2227 568 detraC'tis

1182 581 1354 626 vestibus
1385 582 1523 625 cervix
1568 580 1651 632 ejus
1683 579 1806 624 furcae
1836 580 2100 634 insereretur,
2137 596 2228 624 cor-

1183 638 1332 694 pusque
1363 639 1411 681 de
1445 638 1537 682 saxo
1567 638 1840 689 dejiciendum
1873 653 1944 693 per
1977 636 2119 681 urbem
2140 650 2225 682 tra-

1183 696 1297 739 ‹S‘tum
1329 695 1378 738 ad
1394 710 1538 738 necem
1555 695 1774 739 caederetur
1787 725 1798 738 .
1829 696 1895 748 (d)
1915 693 2095 739 Galbam
2115 711 2139 738 a
2157 695 2229 739 Se-

1185 764 1320 806 natu,
1356 751 1596 807 impellente
1621 752 1817 805 Othone,
1851 751 2007 796 hostem
2031 750 2143 796 fuisse
2162 751 2228 804 ju-

1183 809 1392 862 dicatum,
1424 809 1537 864 supra
1568 824 1617 853 ex
1651 808 1872 853 Plutarcho
1904 809 2146 863 docuimus,
2166 809 2227 862 (e)

1183 865 1437 922 ejusdemque
1478 866 1724 910 memoriam
1770 866 2002 922 Vespasiani
2040 878 2228 922 tempore

1185 925 1339 968 Senatu
1362 924 1410 966 ad
1432 923 1669 967 libertatem
1693 923 1883 968 redeunte
1904 923 2015 969 fuiffe
2044 940 2066 967 a
2088 923 2224 967 Patri-

1187 982 1284 1032 bus,
1315 980 1384 1037 qui
1415 996 1510 1024 eum
1542 980 1666 1024 inviti
1709 981 2033 1034 damnaverant,
2066 981 2226 1025 restitu-

1187 1052 1298 1090 tam,
1340 1053 1390 1081 eit
1422 1038 1574 1082 Tacito
1606 1038 1918 1095 cognoscimus.
1948 1036 2223 1093 (f)Othonis,

1185 1096 1228 1139 &
1270 1094 1435 1139 Vitellii
1473 1111 1627 1139 nornen
1663 1095 1846 1140 exulavit
1882 1111 1904 1139 e
1932 1111 2102 1152 corpore
2123 1095 2229 1152 legis

1188 1153 1326 1209 Regiae
1369 1168 1437 1207 per
1477 1154 1676 1196 Senatum
1711 1153 1917 1206 conditae,
1949 1170 2044 1198 cum
2082 1165 2227 1197 neuter

1186 1226 1355 1263 eorum,
1388 1223 1432 1253 ut
1455 1208 1536 1261 jam
1556 1210 1926 1254 animadvertimus
1949 1243 1961 1264 ‚
1995 1212 2103 1255 inter
2135 1211 2226 1253 Im-

1190 1280 1388 1324 peratores
1419 1268 1473 1310 ibi
1504 1267 1720 1323 descriptos
1753 1267 1990 1312 inveniatur
2019 1285 2030 1310 τ
2062 1284 2112 1312 ex
2144 1283 2229 1323 quo

1190 1324 1489 1381 intelligimus,
1524 1325 1658 1368 Patres
1689 1324 1937 1378 Othonem,
1969 1338 2014 1368 ut
2034 1324 2232 1379 Vitellio,

1191 1381 1440 1436 Vitellium,
1472 1394 1517 1425 ut
1545 1382 1790 1437 Vespasiano
1816 1381 2128 1435 blandirentur,
2157 1381 2235 1425 ho-

1190 1441 1288 1484 stem
1311 1438 1519 1491 judicasse.
1553 1439 1641 1482 Pari
1677 1439 1972 1483 Domitianum
1996 1438 2233 1493 ignominia

1189 1499 1358 1542 Senatus
1371 1497 1505 1540 affecit
1531 1528 1542 1549 ,
1568 1495 1680 1548 cujus
1701 1495 1925 1548 conjuratis
1938 1496 2057 1541 occisi
2075 1511 2232 1541 nomen

1189 1572 1235 1598 ac
1259 1555 1505 1598 memoriam
1525 1554 1765 1607 damnavit,
1798 1555 1861 1610 (g)
1883 1553 2083 1610 imagines
2096 1554 2231 1598 detra-

1192 1611 1233 1655 hi
1268 1613 1502 1668 delerique,
1550 1627 1596 1655 ac
1627 1611 1772 1655 statuas
1807 1612 1954 1667 ubique
1985 1611 2232 1668 conquisitas

1191 1670 1304 1714 fundi
1330 1669 1556 1713 metallicas
1583 1669 1793 1724 evertique
1827 1684 2076 1713 marmoreas
2108 1667 2229 1720 jussit:

1190 1729 1287 1772 adeo
1309 1740 1353 1770 ut
1375 1726 1538 1770 nonnisi
1558 1742 1683 1769 unam
1722 1727 1788 1770 suo
1809 1738 1995 1782 tempore
2022 1726 2234 1769 Domitia-

1191 1786 1230 1829 ni
1266 1785 1435 1839 statuam
1467 1796 1607 1828 extare
1639 1783 1859 1839 Procopius
1891 1784 2046 1827 tradat.
2079 1784 2143 1835 (h)
2173 1786 2233 1827 A-

1191 1843 1351 1887 vidium
1383 1843 1568 1885 Cassium
1598 1843 1768 1886 Senatus
1799 1840 1955 1885 hostem
1986 1840 2226 1897 appellavit.

1189 1903 1261 1954 (i)
1293 1899 1505 1944 Similibus
1526 1900 1658 1954 poenis
1679 1900 1721 1942 in
1742 1899 2028 1944 Commodum
2049 1931 2060 1952 ‚
2093 1915 2115 1941 a
2136 1914 2235 1942 con-

1188 1958 1333 2010 juratis
1364 1958 1464 2002 item
1497 1957 1759 2001 interfethim
1785 1989 1797 2011 ,
1841 1958 2013 2000 Senatus
2044 1955 2233 1998 animad-

1190 2017 1335 2061 vertit:
1371 2016 1441 2071 qui
1474 2014 1773 2070 proiiciendum
1804 2015 1929 2058 etiam
1962 2015 2006 2057 in
2026 2013 2232 2067 Tyberim

1189 2075 1359 2118 cadaver
1389 2074 1623 2116 decreverat
1649 2104 1661 2126 ,
1703 2072 1796 2123 (k)
1827 2084 1947 2127 atque
1979 2070 2047 2115 ubi
2082 2087 2104 2135 a
2138 2071 2233 2132 Per-

1189 2133 1321 2176 tinace
1369 2133 1624 2185 Imperatore
1666 2141 1755 2172 tum
1788 2142 1924 2172 creato
1956 2140 2114 2183 accepit
2146 2143 2232 2179 iam

1186 2190 1261 2234 esse
1292 2189 1506 2233 conditum
1533 2219 1544 2241 ,
1589 2188 1648 2231 ira
1693 2186 1839 2230 exarsit
1872 2185 2059 2229 adversus
2089 2201 2186 2228 eum
2219 2215 2234 2238 ,

1187 2242 1266 2304 qui‘
1289 2247 1443 2290 hostem
1476 2246 1614 2301 patriae
1635 2244 1792 2288 honore
1811 2243 2000 2287 affecisset
2018 2275 2030 2297 ,
2063 2258 2233 2298 parum-

1187 2322 1264 2362 que
1296 2303 1452 2357 abfuit,
1484 2305 1586 2359 quin
1617 2319 1665 2346 ex
1699 2303 1738 2344 S,
1766 2302 1818 2344 C.
1849 2301 2021 2345 cadaver
2042 2299 2235 2343 effodere-

1188 2377 1280 2407 tur.
1314 2363 1389 2413 (l)
1422 2363 1514 2413 Jam
1548 2376 1643 2403 vero
1677 2359 1744 2402 suo
1779 2359 1869 2403 loeo
1901 2358 2178 2402 indicavimus
2213 2388 2226 2411 ‚

1186 2438 1265 2477 qua
1307 2421 1478 2464 Senatus
1520 2417 1712 2472 potestate
1757 2415 1881 2460 fuerit
1926 2415 2015 2460 usus
2046 2415 2235 2459 adversus

1187 2479 1400 2530 Julianum
1432 2493 1478 2519 ac
1509 2475 1706 2518 Severum
1741 2491 1750 2517 τ
1796 2489 1972 2530 quorum
2021 2473 2236 2535 hunc-Ju-

1189 2537 1287 2580 liani
1320 2553 1334 2577 :
1381 2534 1506 2577 illum
1548 2533 1685 2577 Severi
1729 2544 1845 2575 metu
1890 2532 2045 2575 hostem
2076 2530 2231 2582 judica-

1189 2596 1247 2638 vit
1274 2627 1285 2647 ,
1329 2605 1372 2636 ut
1403 2592 1446 2635 δε
1481 2590 1746 2635 Pescennium
1781 2589 1969 2645 Nigrum
1998 2621 2009 2642 ‚
2058 2589 2162 2641 (m)
2193 2586 2238 2630 &

1189 2653 1392 2696 Albinum
1421 2667 1435 2691 .·
1487 2650 1574 2701 (n)
1617 2649 1716 2692 adeo
1747 2660 1792 2691 ut
1824 2662 1949 2690 nemo
1982 2646 2186 2689 νίξὶοτυῑη
2224 2674 2238 2697 ,

1189 2712 1262 2755 nisi
1295 2708 1532 2752 auffioritate
1564 2707 1735 2749 Senatus
1766 2718 1903 2761 ageret
1930 2734 1944 2758 ,
1987 2703 2074 2756 jure
2122 2703 2238 2765 suum

1188 2768 1387 2814 aemulum
1418 2764 1606 2809 sustulisse
1637 2780 1683 2808 ac
1718 2762 1888 2818 tyranni
1909 2773 2053 2806 notam
2073 2757 2238 2815 effugis·

1189 2830 1222 2874 se
1257 2824 1483 2871 videretur.
2109 2818 2238 2860 Cara-

96 2894 1137 2918 ——t———w-——ss-—-—-.
1249 2893 2241 2917 ‚-.-——-——-———--—-—————r———-=-

217 2932 326 2966 Lilv.8›
346 2942 503 2977 cap.377·

202 2979 220 3016 )
248 2979 336 3012 Dion
352 2980 458 3013 limo
489 2987 646 3024 pag.667.
694 2985 776 3025 (c)
802 2986 887 3020 idem
903 2987 985 3022 ibid.

194 3023 212 3062 )
240 3025 366 3066 Eutrop
397 3027 426 3059 8<
447 3031 582 3060 Sveton.
611 3031 646 3060 in
662 3032 790 3062 Nerone
813 3040 944 3075 cap.49.

192 3068 212 3107 )
240 3070 402 3103 Plutarch.
419 3075 456 3103 in
473 3073 536 3104 vir.
554 3073 647 3106 Gzlb.
664 3082 694 3117 p.
708 3084 802 3114 ¹033·

244 3114 359 3154 Lib.4.
378 3116 447 3155 hist.
464 3125 593 3158 cap.40.

256 3161 433 3196 svetonius
451 3163 486 3196 in
501 3164 630 3198 Domit.
647 3171 705 3208 cap
721 3174 774 3204 23·

199 3114 226 3198 υυ

1232 2941 1287 2981 (1)]
1319 2936 1634 2980 hisi.arcan.peg.37.
1654 2937 1733 2969 edit.
1751 2935 2231 2978 Lugdunensiinfolammn·

1233 2988 1290 3027 (i)
1318 2982 1541 3017 vulcanctzu.
1560 2985 1596 3015 in
1614 2983 1719 3016 Avia.
1743 2980 1825 3023 Cass.
1839 2983 1950 3023 capite
1964 2994 1996 3022 7.

1269 3032 1288 3063 k
1303 3032 1322 3070 3
1350 3029 1435 3060 ’ozon
1451 3027 1565 3071 lib-37.
1581 3031 1746 3070 pag.830.
1763 3027 1942 3059 Herodian·
1958 3024 2014 3059 tib.
2031 3036 2055 3056 t.

1233 3079 1274 3117 (l
1289 3078 1307 3115 )
1336 3073 1503 3115 Lamprid-
1526 3078 1563 3107 in
1584 3073 1840 3106 vineommod.
1872 3073 1906 3105 in
1919 3071 1988 3114 fine
2003 3070 2132 3112 cap-18·

1232 3124 1252 3161 (‚
1270 3134 1300 3153 m
1319 3121 1337 3159 )
1364 3120 1530 3159 Spartian.
1552 3121 1588 3151 in
1604 3121 1718 3151 sever.
1736 3125 1841 3159 capo.

1231 3168 1302 3207 [nl
1357 3162 1533 3203 Capitolia
1558 3164 1594 3196 iu
1611 3162 1846 3205 Albin-caps).
1879 3190 1891 3195 ,⁷
