2451 3470
535 77 900 157 iunis
966 84 1910 148 -RECEPT10R18.

196 158 363 200 Dantur
412 167 550 202 autem
582 161 804 202 Curatores
831 158 886 201 ab
917 156 1058 202 iisdem
1088 158 1185 201 Ma·

134 212 369 270 gistratibus
399 230 422 257 a
453 214 601 271 quibus
630 217 890 259 &Tutores:
923 215 966 258 ἃ
997 215 1183 271 quamvis

135 271 251 314 datus
280 271 523 315 testamento
554 287 638 315 non
668 271 855 315 consistat
876 302 889 324 ‚
921 284 1059 315 tamen
1092 271 1183 314 esta

133 327 380 380 Magistratu
423 329 764 372 confirmandus.
807 329 894 380 (a)
943 329 1034 371 Nec
1065 328 1182 370 datur

131 383 318 428 Curatur
349 386 591 442 regulariter
613 417 626 438 ‚
668 385 742 428 nisi
775 384 1004 428 volentibus
1037 416 1049 437 ‚
1085 399 1180 438 prze-

134 450 320 497 terquam
355 441 398 485 in
430 442 572 496 litem,
606 442 650 485 in
682 458 761 497 qua
779 441 918 484 minor
933 442 1181 484 Curatorem

134 499 316 553 accipere
347 500 534 556 cogitur-3
566 514 639 542 nec
660 501 707 542 ad
723 498 942 555 regendam
964 498 1180 541 Personam

134 553 290 608 datur,
334 556 393 599 sed
422 557 472 599 ad
504 571 563 599 res
594 555 929 600 administrandas
961 556 1140 599 Curator
1169 571 1180 608 3

133 609 306 668 ideoque
340 614 463 667 potest
494 613 542 656 ad
573 627 730 657 certam
762 629 848 657 rem
879 645 892 667 ,
937 611 999 656 vel
1036 612 1181 664 litem,

138 668 200 711 vel
246 669 492 713 patrimonii
538 671 772 724 portionem
813 670 936 715 dari.
980 671 1034 713 Et
1066 670 1182 712 datur

133 724 322 780 Pupillo'
349 727 477 770 etiam
533 728 778 782 repugnanti
834 745 857 771 a
905 727 1180 783 Magistratu,

132 783 295 838 quando
326 783 389 826 illi
420 781 508 827 suus
539 784 663 826 adesse
696 785 1032 840 Tutornequit.

192 841 326 882 Datur
354 839 481 883 etiam
513 840 694 882 Curatur
727 840 936 896 prodigis,
970 840 1180 895 postquam

132 895 191 939 eis
235 895 497 949 Magistratus
548 897 750 939 bonorum
782 897 1181 940 administrationem

118 952 420 1005 interdixerit.
450 952 526 996 Sed
558 952 585 996 fi
615 953 731 996 detur
761 953 934 997 Fui-iotis
961 985 973 1007 ‚
1006 954 1182 997 Curatio

134 1009 312 1065 pertinet
342 1010 392 1053 ad
423 1009 698 1054 Proximiores
728 1010 1147 1068 consanguineorum
1165 1041 1174 1054 .

134 1068 195 1110 Et
237 1066 381 1111 finitur
422 1083 469 1111 ea
511 1068 596 1123 post
628 1067 857 1113 absolutam
891 1070 1098 1117 minorem
1131 1082 1181 1111 ae-

135 1134 294 1178 tatem3
324 1135 394 1168 aut
425 1124 596 1170 cessante
628 1125 760 1169 furore
780 1157 794 1180 ,
823 1139 894 1172 aut
926 1125 1078 1171 sublata
1109 1141 1181 1169 ne-

135 1182 325 1227 ceffitate
347 1198 484 1226 rerum
516 1183 784 1239 gerendarum
801 1214 815 1226 .

348 1297 797 1341 TITULUS
885 1299 969 1343 IX.

162 1411 230 1456 De
251 1411 517 1468 satisdatione
544 1413 740 1456 Tutor-um
771 1413 838 1456 vel
867 1415 1110 1458 cavatorum
1138 1442 1150 1454 .

134 1522 342 1631 CUm
373 1528 537 1581 Tutor,
568 1525 633 1570 vel
664 1528 846 1571 Curator
859 1526 1182 1584 suscipiuntTu-

271 1583 398 1628 telam
423 1616 434 1638 ,
479 1597 682 1639 coguntur
712 1585 895 1629 satisdare
919 1617 933 1638 ‚
977 1585 1059 1629 five
1092 1584 1183 1628 data

136 1640 326 1688 cautione
360 1658 428 1697 per
459 1641 717 1692 Fidejuffores
740 1641 986 1697 promittere
1004 1658 1089 1687 rem
1110 1643 1185 1685 Pu-

135 1695 261 1751 pilli,
292 1711 363 1747 aut
394 1699 581 1743 Minoris
614 1699 764 1742 salvam
797 1699 908 1753 fore,
941 1700 984 1743 ὅτ.
1019 1700 1053 1743 se
1087 1715 1183 1743 cum

136 1753 308 1798 illorum
359 1756 536 1800 utilitate
581 1756 932 1800 administraturos
967 1788 977 1799 .
1023 1756 1184 1800 Deinde

138 1809 332 1862 jubentur
385 1811 604 1858 describere
647 1815 791 1858 omnia
834 1815 1006 1858 illorum
1050 1816 1181 1858 bona:

136 1884 225 1925 quae
256 1870 469 1927 descriptio
503 1872 791 1916 Inventarium
823 1871 1054 1928 appellatur
1087 1904 1097 1915 .
1129 1874 1185 1915 Et

137 1940 302 1981 propter
333 1929 440 1973 hanc
472 1929 707 1973 cautionem
739 1961 752 1982 ,
783 1945 870 1986 quae
905 1943 1073 1973 vocatur
1105 1945 1185 1972 rem

139 1983 300 2039 Pupilli
324 1987 486 2039 salvam
510 1985 621 2040 fore,
652 1987 1184 2031 Tutorum&Curatorurn

139 2040 247 2085 bona
292 2042 456 2099 Pupillo
485 2076 498 2098 ,
545 2042 611 2087 vel
643 2043 906 2088 Adolescenti
941 2045 1062 2088 tacite
1096 2045 1185 2100 sun-t

137 2097 318 2154 obligata
341 2131 350 2142 .

199 2156 461 2201 Eximuntur
503 2170 643 2201 autem
686 2157 736 2200 ab
784 2157 1041 2214 obligatione
1074 2159 1182 2202 satis-

140 2212 261 2257 dandi
294 2215 475 2258 Tutores
506 2215 824 2267 testamentarii,
857 2215 935 2259 sive
969 2217 1185 2261 testamen-

143 2283 187 2314 to
216 2271 334 2326 dati,
363 2272 407 2316 ἃ
437 2271 507 2328 qui
542 2289 565 2316 a
597 2273 841 2329 Magistratu
872 2273 1019 2317 dantur
1049 2290 1098 2317 ex
1121 2276 1181 2318 in-

141 2328 359 2386 quifitione
381 2362 390 2372 .
424 2330 626 2387 Quamvis
656 2344 794 2374 autem
829 2330 1014 2375 satisdare
1046 2332 1188 2376 Testa-

143 2387 340 2430 mentarii
373 2403 458 2431 non
490 2401 721 2444 cogantur,
755 2400 894 2431 tamen
929 2389 954 2432 si
988 2388 1098 2432 ultro
1131 2390 1187 2432 sa-

145 2445 380 2488 tisdederint
406 2477 417 2499 ‚
462 2459 626 2501 propter
658 2444 855 2496 maiorem
891 2446 1041 2501 Pupilli
1074 2447 1189 2490 utili-

147 2513 273 2545 tatem
317 2503 359 2545 in
402 2502 756 2547 administratione
785 2502 1018 2557 capessenda
1049 2503 1186 2559 praefe-

147 2570 294 2602 runtur
322 2560 412 2604 aliis
438 2561 768 2604 Contutoribus.
802 2561 1084 2615 Quamobrem
1107 2562 1186 2605 ele-

147 2616 230 2659 &io
259 2616 374 2659 datur
403 2618 574 2661 cuilibet
603 2633 746 2661 eorum
780 2631 850 2661 aut
867 2618 1074 2661 satisdandi
1094 2633 1188 2671 ,aut

149 2672 341 2716 offerendi
372 2674 487 2718 alteri
522 2674 850 2729 satisdationem,
881 2675 924 2718 in
957 2674 1114 2733 ejusque
1127 2694 1188 2720 ar-

147 2731 275 2773 bitrio
322 2746 473 2786 ponere
515 2746 569 2775 an
613 2732 711 2776 ve'lit
755 2732 934 2776 satisdare
978 2733 1004 2776 fi
1054 2735 1191 2789 cupiat

2164 117 2235 152 20

1290 163 1350 205 At
1395 163 1421 206 fi
1468 163 1617 218 Pupiili
1648 197 1660 218 ,
1704 179 1832 219 neque
1863 183 1885 209 a
1915 169 2171 228 Tutoribus‚
2206 117 2277 219 ηΞ-

1232 234 1308 273 que
1351 236 1373 262 a
1422 219 1522 264 datis
1568 220 1871 273 Fidejufforibus
1916 225 2027 270 suum
2076 231 2145 281 Jus
2176 248 2275 275 con-

1233 275 1340 331 sequi
1374 278 1519 332 poffint
1550 311 1563 331 ,
1605 279 1648 321 ὃς
1679 280 1878 323 damnum
1909 297 2120 338 acceptum
2165 304 2279 344 repa-

1233 348 1316 375 rare
1344 349 1356 386 3
1401 346 1498 378 tunc
1529 335 1635 378 affin
1661 368 1674 390 ,
1704 352 1792 392 quse
1825 338 2056 383 sibiidiaria
2086 343 2236 387 dicitur
2262 378 2276 399 ‚

1229 391 1385 444 eoquod
1442 392 1484 434 in
1530 392 1741 436 subsidium
1786 393 1902 437 datur
1930 428 1944 449 ,
1989 403 2180 442 vertenda
2221 402 2275 444 est

1229 458 1373 489 contra
1404 448 1507 502 ipsos
1543 450 1833 505 Magistratus,
1866 453 1934 507 qui
1968 469 2036 497 eos
2068 457 2275 511 Tutores,

1232 502 1294 545 vel
1327 505 1581 560 Curatores,
1609 521 1677 550 aut
1712 508 1895 553 satisdare
1930 526 2012 554 non
2027 528 2275 569 coegerunt,

1229 575 1297 622 aut
1331 561 1467 605 minus
1500 563 1688 607 idoneam
1723 565 2052 622 satisdationem,
2086 570 2165 615 five
2182 571 2279 615 fide-

1228 617 1389 681 iussores
1434 636 1518 662 non
1565 621 1785 676 locupletes
1817 626 2138 680 comprobarunt
2167 659 2179 680 ‚
2211 643 2283 672 ex-

1229 687 1356 728 ceptis
1382 677 1687 733 Magii'lratibus
1707 681 1910 723 Romanis
1931 714 1943 735 ‚
1975 682 2018 726 &
2039 683 2279 738 Mijoribus,

1228 746 1329 788 quos
1372 733 1564 788 Dignitas
1595 736 1743 779 eximit
1773 737 1822 780 ab
1855 740 1930 783 hac
1960 739 2147 786 afflone.
2177 743 2279 797 (b)

1458 848 1503 891 T
1535 850 1554 891 1
1586 850 1628 891 Τ
1659 851 1703 891 U
1736 853 1770 894 L
1801 853 1844 894 U
1877 853 1903 895 S
1992 856 2048 898 X.

1343 960 1412 1005 De
1441 962 1683 1016 excusatione
1713 966 1908 1009 Tutorum
1936 998 1948 1021 ,
1981 968 2048 1011 vel
2076 971 2165 1013 Cu·

1643 1033 1843 1064 ratorum.

1238 1127 1310 1230 P
1334 1131 1447 1175 Otest
1488 1133 1578 1189 quis
1617 1135 1795 1191 effugere
1839 1153 1943 1182 onus
1973 1140 2159 1194 gerendae
2189 1142 2281 1185 Tu-

1347 1187 1436 1232 telae
1465 1221 1479 1242 ,
1523 1205 1592 1233 aut
1636 1193 1878 1237 Curationis
1908 1227 1920 1245 ,
1967 1197 1992 1238 si
2037 1196 2179 1249 justam
2211 1199 2285 1241 ad-

1229 1243 1387 1288 duxerit
1438 1248 1596 1290 causam
1627 1250 1731 1304 apud
1763 1252 1950 1302 Judicem
1983 1285 1996 1306 ,
2048 1269 2117 1308 per
2143 1251 2276 1311 Quam

1229 1302 1441 1347 excusetur
1469 1335 1481 1345 .
1527 1305 1663 1348 Prima
1717 1308 1830 1351 causa
1874 1309 1927 1352 est
1970 1325 2163 1354 numerus
2208 1311 2280 1355 Li-

1231 1358 1421 1422 berorum
1453 1361 1578 1405 triutn
1613 1365 1758 1406 Romae
1784 1396 1795 1418 ‚
1829 1365 1872 1408 in
1910 1366 2030 1409 Italia
2061 1381 2236 1422 quatuor
2264 1400 2278 1422 ‚

1232 1431 1275 1459 in
1310 1417 1537 1462 Provinciis
1572 1421 1778 1476 quinque.

1289 1475 1472 1519 Secunda
1526 1477 1798 1521 excusationis
1843 1478 1959 1522 causa
2001 1479 2055 1522 est
2099 1481 2282 1524 admini-

1231 1529 1369 1575 stratio
1393 1563 1407 1585 ‚
1437 1533 1536 1576 dum
1567 1534 1721 1590 geritur
1748 1565 1760 1588 ‚
1807 1535 2005 1580 fiscalium
2037 1569 2049 1591 ,
2094 1537 2172 1581 five
2208 1555 2284 1594 pu-

1233 1587 1434 1633 blicarum
1466 1606 1619 1634 rerum.

1290 1646 1438 1690 Tertia
1486 1648 1543 1691 est
1597 1648 1778 1692 absentia
1821 1649 2077 1706 Reipublicae
2125 1652 2239 1695 causa
2269 1668 2280 1693 ε

1233 1719 1322 1759 quae
1364 1705 1569 1748 excusatio
1599 1705 1718 1749 dura-t
1748 1706 2051 1751 donecabsunt
2085 1739 2096 1760 ,
2131 1709 2155 1751 fi
2189 1710 2280 1752 Tu-

1235 1761 1360 1805 telam
1395 1762 1636 1818 susceperint
1667 1795 1680 1817 ,
1715 1779 1812 1807 nam
1847 1764 2057 1808 redeuntes
2088 1782 2179 1808 eam
2218 1782 2283 1808 re-

1234 1818 1432 1875 cipiunt3
1476 1819 1551 1863 Sed
1603 1820 1630 1863 fi
1659 1836 1752 1864 eam
1785 1836 1868 1864 non
1902 1834 2019 1865 antea
2054 1822 2288 1877 subiissent3

1234 1891 1391 1920 annum
1424 1877 1649 1921 vacationis
1682 1878 1766 1933 post
1799 1878 1974 1923 reditum
2001 1879 2179 1934 habent,
2211 1896 2290 1923 an-

1235 1946 1400 1990 tequam
1432 1947 1660 1991 cogantur.

1293 1994 1449 2047 Quarta
1492 1992 1546 2035 est
1592 1990 1817 2035 sublimitas
1847 1992 2112 2047 Magistratus
2146 1993 2289 2044 Majo-

1235 2049 1313 2102 ris,
1346 2064 1469 2105 quem
1502 2049 1571 2104 qui
1602 2061 1749 2104 gerunt
1778 2049 1964 2093 oblatam
2001 2050 2179 2094 recusare
2194 2052 2289 2094 Tn-

1234 2119 1271 2150 te
1292 2122 1358 2148 am
1393 2105 1579 2160 possunt,
1611 2117 1652 2148 at
1684 2121 1769 2148 non
1801 2106 2001 2160 deponere
2040 2107 2287 2163 susceptam.

1291 2162 1452 2218 Quinta
1484 2161 1666 2217 litigium
1698 2178 1794 2207 cum
1826 2163 1990 2219 Pupillo
2021 2164 2068 2207 de
2089 2165 2283 2209 omnibus

1234 2221 1377 2263 bonis.

1291 2279 1412 2320 Sexta
1442 2277 1496 2320 est
1527 2276 1651 2332 gestio
1683 2278 1849 2334 praesens
1882 2278 2008 2321 trium
2029 2277 2286 2322 Tutelarurn

1234 2351 1283 2378 ex
1321 2334 1505 2378 Familiis
1539 2335 1880 2391 Patrimoniisque
1912 2335 2110 2380 distineris
2141 2350 2288 2392 proce-

1237 2392 1449 2437 dentium.

1292 2449 1474 2503 Septima
1508 2447 1700 2492 notabilis
1731 2448 1871 2505 inopia
1902 2450 2100 2495 Tutoris.

1293 2505 1449 2550 Ociava
1480 2506 1689 2561 aegrotatio
1713 2539 1722 2550 .

1295 2565 1421 2606 Nona
1451 2562 1690 2619 ignora-ntia
1724 2566 1942 2618 pue-tilium
1970 2565 2202 2610 Literarum
2223 2595 2235 2606 ·

1295 2623 1470 2664 Decima
1503 2620 1610 2663 livor
1640 2622 1897 2678 Testatoris,
1928 2624 2105 2678 quicum
2134 2623 2182 2665 ad
2196 2622 2290 2665 Tu-

1237 2677 1364 2723 telam
1397 2677 1602 2721 vocaverit
1622 2709 1635 2730 ,
1670 2692 1713 2722 ut
1742 2678 1883 2725 >litibus
1918 2680 2229 2734 implicaretur.

1298 2735 1533 2780 Undecima
1556 2736 1748 2790 capitales
1780 2737 2015 2782 inimicitiae
2047 2736 2128 2781 sine
2144 2751 2290 2780 recon-

152 2787 326 2844 praeferri
360 2803 373 2840 ·,
403 2787 588 2843 alioquin
616 2789 697 2844 ipse
725 2790 820 2833 satis
850 2791 1023 2834 offerens
1054 2792 1191 2848 praefe-
1243 2793 1453 2838 ciliatione
1482 2809 1494 2846 ;
1537 2792 1609 2835 nifi
1652 2794 1767 2838 datus
1808 2795 1931 2840 fuerit
1961 2796 2012 2837 ab
2043 2795 2126 2849 ipso
2149 2793 2293 2838 Testa-

153 2860 263 2890 retur
291 2877 300 2888 .

149 2919 220 2958 re,
253 2904 440 2947 'Praetoris
465 2901 550 2946 erit
579 2902 729 2959 eligere
761 2920 894 2960 magis
924 2905 1144 2951 idoneum.

151 3089 396 3102 ὴ--

181 3130 271 3187 (a)
295 3150 319 3183 Ι.
342 3168 352 3180 .
372 3171 406 3182 ..
427 3149 466 3182 in
484 3145 547 3188 fini
577 3150 608 3191 §.
636 3158 667 3179 2.
702 3147 740 3180 (9⁴
763 3150 793 3179 6.
815 3146 856 3192 ff
880 3149 918 3183 de
940 3149 1048 3192 confir.
1072 3150 1154 3185 Tut-

954 3091 1200 3107 --—.-=-—-..

334 2846 452 2901 Quod
486 2845 513 2887 fi
545 2861 689 2889 omnes
719 2859 840 2891 erunt
865 2848 999 2912 *parati
1034 2848 1192 2894 satisda-
1245 2865 1330 2896 tore
1361 2883 1374 2904 a

1211 2751 1233 3186 ἱ
1277 2106 1286 2148 2

1415 2850 1484 2907 qui
1526 2865 1571 2893 ea
1615 2850 1819 2898 delatione
1863 2852 2026 2897 Tutelae
2056 2853 2195 2896 odium
2229 2865 2290 2893 re-

1247 2908 1391 2954 misisse
1424 2906 1635 2952 censetur.

2168 2966 2289 3008 Duo-³

1832 3091 2289 3122 ——nn--np-u-uss-—ss

1294 3148 1382 3196 (b)
1407 3155 1445 3186 L.
1469 3165 1502 3195 4.
1529 3157 1566 3189 C.
1592 3154 1631 3188 de
1654 3153 1814 3202 Magiſtr.
1844 3136 1974 3189 conven-
