2451 3470
152 80 262 130 160

621 73 1787 148 J.v.GRAv1NAE

143 168 263 206 vata,
293 149 366 194 nisi
399 149 441 194 in
475 148 656 206 pauculis
675 181 688 205 ‚
718 149 788 206 qui
821 163 889 202 re,
920 162 1006 190 non
1035 150 1175 194 nomi·
1222 162 1304 197 tate
1325 183 1338 206 ‚
1368 153 1413 197 8c
1443 153 1562 198 miris
1589 155 1813 201 verborum
1841 156 2067 208 luminibus
2098 162 2269 208 a-Chri'-

142 225 193 253 ne
213 243 227 266 ‚
256 210 340 262 iam
369 222 488 253 erant
519 208 771 252 Christiani.
801 208 859 250 At
890 205 1098 261 postquam
1130 207 1172 251 in

141 267 304 325 imperii
358 266 519 322 paterni
579 264 804 321 perniciem
863 265 1000 306 aeterni
1046 264 1173 309 Patris

139 327 266 370 Pilius
297 324 404 368 coelo
435 323 638 379 delapsus:
670 334 713 365 ut
735 322 858 364 nodos
878 320 1071 375 primevae
1085 321 1171 364 cul-

136 399 194 439 pre
219 417 231 438 ,
262 382 410 440 quibus
438 381 656 424 hominum
688 393 817 433 genus
845 376 1132 421 involvebatur
1157 411 1171 433 ,

134 443 373 492 exolvefetv
402 439 444 482 δί
474 439 585 481 Viam
616 435 881 490 imPOstefflm
911 434 958 476 ad
983 449 1194 487 eoemamt
1217 438 1244 480 fi
1276 440 1365 495 quis
1398 441 1432 484 se
1466 443 1581 497 supra
1607 456 1796 486 naturam
1829 446 2003 490 extollat
2035 464 2048 501 3

136 500 316 556 gloriam
357 497 549 539 sterneret
571 525 585 546 ,
627 493 808 536 humana
838 507 959 535 carue
994 489 1193 547 suscepta}
1216 510 1357 540 autem

134 558 169 600 se
203 553 445 601 mortalibus
476 551 635 606 ingessit
655 581 667 602 ,
699 564 826 601 voce,
858 548 1077 603 exemplo,
1109 549 1168 593 fa-

132 615 283 669 &isque
308 643 320 665 ,
360 610 496 653 docuit
517 639 534 662 5
573 622 659 663 quae
690 606 736 649 de
767 605 907 648 divina
941 620 1087 650 natura
1120 607 1167 651 sit

131 667 380 717 efformanda
421 667 463 709 ὃς
511 662 786 719 concepienda
811 663 955 716 notio,
987 680 1068 720 quo
1091 663 1162 720 spi-

129 732 208 774 ritu
235 725 430 782 regendus
443 723 621 766 exterior
633 721 764 764 cultus
783 751 798 773 ,
826 723 1033 775 quomodo
1048 737 1164 765 mens

125 787 172 830 ad
206 788 344 828 Deum
376 779 647 831 intendenda,
679 792 767 834 quae
798 777 963 832 praemia
993 777 1038 820 in
1060 778 1163 823 futu-

129 858 220 887 rum
251 841 327 883 sint
356 836 630 894 expefilanda,
663 850 752 890 quae
781 849 911 889 poenae
930 849 1159 889 praecaven-

127 903 184 944 dfe
208 931 217 941 .
264 897 381 941 Hinc
413 894 519 938 coelo
552 893 586 936 se
619 891 806 934 attollere
839 904 1052 946 coeperunt
1086 893 1140 936 ho

127 958 296 1007 mines,
338 969 384 996 ae
427 966 497 1007 per
538 949 737 993 immensa
771 947 893 1003 spatia
927 948 1160 994 divinitatis

1182 814 1189 840 ,¹
1214 782 1376 826 minum
1408 785 1590 828 doctrina
1622 787 1776 830 Christi
1799 818 1812 829 .

1221 210 1514 273 sio-prolata«.
1548 214 1776 267 Quae'vero
1812 215 1931 271 supra
1959 221 2059 262 vi-res
2092 223 2273 265 rationis

1219 281 1408 311 eminent
1440 300 1452 321 ,
1496 285 1605 326 aeque
1646 272 1858 316 dorstatum
1907 290 1953 319 ac
1995 277 2269 332 insipientum

1219 326 1353 368 aciem
1382 325 1568 379 fugiunt:
1604 344 1697 377 cum
1733 329 1845 372 enim
1864 330 2032 377 vincant
2049 333 2271 380 facultates

1220 385 1372 425 mentis
1387 384 1577 428 humanae
1591 417 1603 435 ,
1637 388 1928 441 comprehendi
1947 405 2153 447 nequeunt
2169 426 2180 446 ,
2198 393 2265 436 ni-

2079 450 2126 492 ad
2153 452 2271 495 hunc·

1398 499 1569 553 gradum
1604 501 1816 557 neminem
1849 502 2030 546 humana
2068 505 2264 560 sapientia

1217 552 1421 616 sublevat,
1456 556 1515 617 sed
1547 557 1641 600 fides
1670 560 2019 614 aDeoimm-issa⁷
2050 562 2267 607 miraculis¹

1215 611 1398 672 Christi,
1430 614 1587 669 eiusque
1619 614 1910 669 discipulorum
1946 621 2127 672 primum
2160 637 2259 663 con-

1215 666 1383 730 ciliata,
1411 686 1457 722 ac
1489 670 1632 714 deinde
1662 673 1851 716 Ecclefiae
1877 675 2108 718 Catholicae
2123 677 2264 721 anble-

1216 737 1336 768 ritate
1366 729 1559 782 munita,
1594 732 1822 785 exaequa-vit
1855 731 1979 787 igitur
2011 748 2170 778 mentes
2185 735 2263 777 ho-

1280 841 1284 845 ,
1843 791 1937 831 lino
1956 805 2138 840 cumea,
2170 807 2267 847 quae‘

1212 853 1414 901 rationem
1427 841 1692 901 «supervolant
1705 875 1717 896 ‚
1752 844 1832 887 sola-
1846 846 1918 888 fide
1935 847 2229 891 contineantur
2247 880 2266 903 ,

1210 902 1288 938 hoc
1320 897 1381 940 illi
1415 900 1575 943 solidius
1599 900 1643 942 in
1659 901 1865 951 rutilorum
1885 904 2259 960 mentibusimpri-

1210 967 1379 1008 muntur
1417 986 1452 1019 '.
1476 973 1556 1012 quo
1604 959 1733 1012 magis
1765 959 1890 1013 pic-tas
1921 960 1963 1003 ἃ
1997 961 2090 1003 fides
2125 963 2260 1005 servet

121 1012 310 1068 evagari.
342 1009 459 1054 Hinc
489 1007 677 1050 divinum
713 1020 868 1048 numen
899 1005 1010 1069 prius
1041 1008 1155 1051 invo-
1207 1009 1249 1051 in
1281 1011 1358 1064 iis,
1387 1028 1454 1068 qui
1488 1015 1693 1057 minorem
1729 1015 1839 1070 spem
1873 1017 1914 1058 in
1929 1019 2254 1076 acumineinge-

127 1072 258 1115 lutum
310 1085 357 1111 ac
399 1065 658 1109 obscuratum
708 1062 814 1106 falsis
845 1065 1084 1126 notionibus
1114 1066 1157 1109 Sc
1206 1067 1264 1109 nii
1296 1080 1418 1125 atque
1453 1070 1495 1113 in
1525 1071 1693 1114 rationis
1728 1072 1951 1116 subtilitate
1973 1075 2252 1120 constituunt.

123 1145 172 1173 ex
222 1129 400 1171 humana
432 1121 644 1166 effe-Silone
676 1132 877 1182 corruptis
911 1121 1156 1176 patefastum
1207 1124 1242 1165 li
1275 1141 1371 1169 vero
1403 1158 1415 1179 ,
1449 1128 1515 1182 qui
1551 1143 1656 1171 vana
1686 1129 2138 1185 efferuntur'opinione
2176 1133 2252 1176 do-

125 1187 177 1229 cst
208 1183 328 1228 orbi.
361 1181 475 1225 Hinc
508 1181 572 1222 vis
601 1194 704 1221 verae
734 1194 779 1221 ac
813 1184 913 1219 lanae
946 1179 1156 1235 religionis

121 1241 327 1293 emicuit,
361 1254 447 1295 quae
479 1237 549 1280 sita
581 1237 635 1280 est
667 1236 708 1279 in
744 1236 1003 1286 intentione,
1036 1252 1154 1294 atque

123 1297 381 1344 conversione
422 1294 575 1338 mentis
606 1293 654 1336 ad
685 1294 823 1335 Deum
853 1324 866 1346 ,
908 1293 1153 1349 depressione

120 1357 332 1413 spirituum
348 1385 360 1407 ,
374 1352 603 1397 abscissione
619 1350 916 1407 cupiditatum,
938 1352 1150 1409 negligen-

115 1415 175 1460 tia
208 1428 340 1457 rerum
374 1412 653 1454 humanarum
676 1440 690 1462 ,
720 1406 926 1452 aversione
956 1425 977 1452 a
1010 1426 1151 1466 corpo-

116 1472 194 1516 r'eis
222 1469 451 1515 commodis
481 1499 494 1521 ,
542 1465 654 1510 cultu
696 1478 814 1520 atque
847 1467 913 1508 usu
947 1467 1149 1513 virtutum

114 1529 340 1580 omnium,
370 1525 512 1582 quibus
545 1522 740 1567 mortales
773 1539 840 1578 per
870 1524 1026 1567 Christi
1062 1526 1144 1569 san-

115 1587 285 1642 guinem
321 1585 409 1626 Deo
441 1580 651 1626 conciliati
684 1579 851 1623 redeunt
884 1581 925 1623 in
947 1583 1150 1638 gratiam,

113 1644 175 1687 ita
206 1655 250 1686 ut
281 1640 342 1698 spe
375 1638 613 1695 praecipiant
643 1650 835 1681 <eternam
869 1638 1108 1684 felicitatem
1137 1675 1147 1685 .

114 1702 229 1744 Hinc
260 1697 396 1741 assueti
431 1698 520 1738 sunt
552 1696 742 1739 homines
775 1708 997 1750 temperare
1013 1699 1147 1753 pravis

1202 1181 1372 1236 ticinae,
1401 1186 1549 1242 quique
1578 1185 1758 1228 humana
1784 1199 1946 1230 tantum
1981 1188 2256 1243 sapientiaru-

1202 1239 1303 1282 midi
1334 1272 1350 1294 ,
1379 1243 1500 1285 nullo
1527 1242 1677 1286 divinae
1709 1243 1850 1298 'gratiae
1885 1244 2042 1288 lumine
2074 1246 2253 1291 illustra·-

1202 1296 1261 1351 ti,
1290 1296 1443 1348 jactant
1478 1299 1552 1343 sese
1585 1300 1757 1355 pandere
1790 1301 1939 1344 divinae
1974 1303 2076 1358 legis
2107 1320 2255 1347 oracu-

1201 1353 1238 1396 la
1267 1386 1279 1408 ,
1312 1355 1418 1398 nihil
1456 1357 1860 1414 suprafiplebeculam
1893 1359 2020 1413 ipsam
2056 1360 2252 1414 sapiunt3

1201 1411 1287 1455 imo
1319 1413 1424 1469 quod
1457 1414 1520 1457 vir
1552 1414 1762 1469 plebecula
1793 1430 1937 1471 parum
1953 1416 2250 1473 enitet,atque

1201 1469 1401 1514 sincerum
1433 1471 1656 1529 iisdemque
1689 1473 1877 1515 vestitum
1910 1473 2077 1517 vocibus
2104 1505 2117 1528 ,
2157 1474 2254 1530 qui·

1200 1527 1271 1570 bus
1299 1544 1322 1571 a
1354 1528 1520 1573 Christo
1553 1529 1630 1573 fuit
1661 1529 1848 1572 emissum
1883 1530 1925 1571 in
1959 1530 2166 1574 mentibus
2191 1531 2252 1575 sa-

1199 1586 1414 1640 pientum,
1448 1587 1598 1642 quiex
1630 1586 1824 1630 humanis
1844 1587 2252 1632 doetrinisnotiones

1196 1643 1397 1698 arripiunt
1443 1644 1487 1687 δε
1533 1645 1727 1689 vocabula
1755 1676 1769 1697 ,
1817 1645 2059 1700 contingere
2091 1645 2248 1700 potest,

1198 1711 1241 1742 ut
1272 1715 1584 1757 corrumpatur,
1617 1702 1658 1745 8<
1687 1701 1999 1757 detorqueatur,
2033 1714 2247 1758 tamqnam

115 1756 393 1812 voluptatibus
423 1786 434 1806 ,
477 1754 676 1796 devovere
723 1753 755 1795 se
791 1752 995 1797 humilem
1031 1756 1146 1798 vicii·
1197 1769 1355 1802 terrena
1389 1759 1571 1802 foeditate
1606 1758 1866 1802 contras’tum>
1891 1789 1901 1800 .
1945 1758 2070 1801 Unde
2102 1760 2247 1801 obscu-

115 1830 227 1857 mam
262 1815 350 1855 Deo
381 1844 394 1865 ,
436 1824 555 1867 atque
576 1810 678 1874 'illos
710 1810 808 1852 ritus
838 1812 1016 1855 exterius
1046 1813 1146 1855 assu·
1196 1828 1286 1858 rant
1318 1815 1380 1859 illi
1413 1816 1518 1872 quod
1551 1816 1603 1858 est
1637 1815 1786 1859 illustre
1807 1847 1819 1867 ,
1850 1815 2028 1859 obruunt
2062 1815 2168 1869 quod
2187 1815 2246 1858 est

110 1888 248 1924 mere,
280 1871 347 1926 qui
380 1884 542 1911 motum
577 1868 811 1910 interiorem
834 1870 1143 1924 exprimerent,
1193 1872 1411 1927 eminens,
1440 1873 1624 1928 quodque
1640 1872 1835 1915 sincerum
1865 1873 1906 1914 δί
1939 1871 2159 1926 limpidum
2187 1873 2242 1915 est

109 1930 258 1985 quique
292 1927 378 1983 pios
412 1926 539 1969 sensus
570 1925 937 1980 consequerentur,
970 1940 1054 1970 non
1068 1927 1145 1971 ali·
1194 1929 1405 1974 maculant
1436 1931 1479 1973 &
1515 1929 1760 1973 labefafitant
1788 1961 1797 1971 .
1846 1931 2110 1984 Quapropter
2141 1935 2239 1972 cu'm

105 2000 166 2029 ter
199 2017 208 2035 ,
252 2001 298 2028 ac
343 1996 477 2026 motus
508 1983 550 2025 ἃ
583 1983 712 2038 gestus
742 1982 963 2026 differentis
996 2001 1139 2029 vocem
1191 2004 1267 2044 ego
1298 1988 1584 2031 demandatam
1617 2005 1639 2031 a
1675 2001 1787 2044 patre
1821 1988 1956 2028 nostro
1974 1985 2239 2042 provinciam

108 2043 386 2095 comitantur,
418 2057 463 2083 ac
490 2041 708 2084 exteriores
733 2039 842 2082 aptus
868 2040 893 2082 fi
920 2040 998 2084 sint
1020 2058 1041 2084 a
1068 2044 1144 2085 vir.
1192 2045 1297 2088 mihi
1332 2045 1577 2099 suscepissem
1603 2076 1614 2098 ,
1641 2045 1820 2099 onusque
1839 2043 2034 2085 iubiiffem
2052 2059 2241 2086 corrum-

106 2113 190 2143 tute
223 2116 268 2142 ac
302 2099 366 2153 pia
396 2099 550 2141 mentis
577 2097 790 2141 affeffione
822 2097 965 2141 divulsi
991 2131 1005 2153 ,
1058 2116 1141 2143 non
1193 2102 1329 2156 pendae
1359 2101 1602 2145 Christianae
1623 2102 1840 2153 dofitrinae,
1872 2099 1982 2151 cujus
2004 2100 2132 2144 exitio
2148 2100 2241 2156 pof-

105 2159 222 2201 aliter
256 2168 518 2211 reputentur,
548 2171 669 2219 quam
697 2155 848 2198 umbrae
868 2155 956 2199 luce
972 2157 1082 2200 cassae
1096 2161 1166 2201 aci
1193 2162 1245 2203 set
1287 2161 1411 2216 patris
1442 2160 1521 2202 mei
1557 2176 1594 2202 re
1630 2175 1729 2203 num
1763 2158 1846 2213 post
1879 2160 2015 2201 eversa
2047 2159 2237 2215 gentium

106 2215 285 2258 detrafi'to
318 2213 463 2255 nucleo
497 2226 668 2256 cortices
693 2243 702 2254 .
736 2213 835 2255 Haec
866 2226 1005 2256 autem
1038 2216 1142 2258 ratio

104 2288 153 2315 ex
184 2270 328 2314 abditis
359 2269 538 2313 fontibus
570 2269 799 2313 divinitatis
817 2270 982 2323 educ'm,
1015 2288 1164 2328 quamJ

1191 2220 1362 2260 numina
1398 2233 1497 2270 pene
1533 2218 1594 2260 col
1617 2217 1756 2274 apsum
1789 2215 1966 2271 reparari
1989 2247 2000 2269 ‚
2033 2215 2238 2270 aliquibus

1190 2275 1474 2329 philosophis,
1503 2275 1570 2330 qui
1605 2275 1723 2317 sidem
1757 2271 1838 2323 iam
1865 2271 2147 2316 Christianam
2167 2272 2236 2314 ad-

105 2329 260 2375 tamdiu
294 2327 335 2370 in
370 2328 443 2370 suis
469 2328 627 2371 arcanis
649 2328 758 2370 Deus
779 2328 1039 2383 condiderat,
1073 2321 1165 2385 perl
1189 2332 1414 2386 miserant,
1445 2347 1510 2374 me
1544 2322 1738 2375 insinuari
1755 2361 1768 2384 ,
1801 2344 1969 2373 cernens
1983 2330 2125 2372 animo
2140 2328 2235 2371 nul-

102 2386 255 2430 Christi
291 2385 616 2439 praedicationem
648 2389 778 2441 patuit
803 2385 1021 2440 omnibus,
1055 2402 1137 2430 non

102 2443 225 2486 modo
257 2442 527 2497 sapientibus,
559 2442 620 2486 sed
649 2442 692 2485 &
718 2442 868 2486 rudiori
893 2442 1137 2498 plebeculae,

103 2501 190 2545 imo
231 2500 337 2554 quod
380 2515 446 2542 me
477 2500 606 2556 magis
636 2500 780 2556 angit,
833 2515 893 2543 res
923 2500 1137 2546 altissimas
1186 2504 1488 2562 philosophiam
1516 2536 1531 2557 ‚

102 2559 144 2601 ἃ
165 2557 434 2600 subtilissimas
449 2556 581 2600 multo
598 2556 757 2600 facilius
771 2556 951 2602 humiles
967 2559 1135 2615 ,squam

97 2611 264 2670 turgidae
299 2627 456 2657 mentes
500 2629 779 2670 exceperunt.
828 2617 889 2658 Ea
933 2616 1049 2659 enim
1083 2617 1135 2660 est

99 2672 215 2722 huius
249 2671 463 2727 religionis
496 2671 583 2725 vis,
614 2671 658 2714 δε
690 2685 863 2726 natura,
896 2685 938 2714 ut
970 2689 1058 2728 quae
1087 2674 1135 2717 ad

98 2730 198 2773 bene
230 2729 435 2784 agendum
467 2728 806 2784 excitandamque
837 2729 1027 2783 pietatem
1047 2730 1134 2773 sunt

97 2785 315 2830 constituta
357 2799 557 2841 praecepta
588 2816 602 2839 ‚
643 2784 745 2828 item
792 2801 879 2840 quae
910 2787 957 2828 ad
991 2787 1133 2842 impri-

98 2845 263 2887 mendas
311 2858 422 2886 veras
471 2857 606 2885 rerum
635 2841 870 2885 divinarum
905 2843 1094 2887 notiones
1119 2876 1131 2898 ‚

96 2903 239 2956 quibus
281 2899 464 2943 humana
507 2898 590 2942 vita
633 2900 678 2942 ad
724 2900 1006 2944 reS’titudinem
1032 2933 1045 2955 ,
1076 2900 1132 2952 ju-

97 2958 326 3013 istriamque
357 2956 546 3012 dirigitur
574 2987 586 3008 ,
635 2956 722 2999 sunt
753 2957 937 3013 evulgata
967 2991 978 3012 ,
1020 2974 1130 3015 :eque

92 3016 241 3072 palliat
288 3014 328 3055 in
378 3015 603 3068 sapientum
645 3030 690 3056 ac
736 3014 777 3055 in
835 3015 1139 3069 imperitorum?

86 3073 246 3130 pedena
278 3071 438 3115 demitti
464 3087 478 3126 3
531 3070 621 3114 sunt
652 3069 945 3128 eniminsigni
993 3073 1121 3120 facili-

1189 2390 1275 2432 lum
1318 2390 1391 2434 esse
1424 2389 1557 2445 magis
1587 2389 1635 2432 ad
1669 2389 1746 2431 hoc
1777 2401 1876 2440 opus
1907 2399 2048 2441 aptum
2087 2385 2236 2429 instru-

1186 2460 1374 2491 mentum
1402 2478 1414 2500 ,
1457 2463 1582 2502 quam
1626 2444 1847 2497 hominum
1901 2442 2138 2500 sapientiam
2188 2442 2233 2486 Sc

1565 2503 1676 2554 cujus
1709 2504 1830 2545 robur
1860 2513 2074 2555 tantopere
2105 2499 2234 2543 chri-

1184 2562 1261 2605 slus
1301 2562 1343 2605 δι
1394 2560 1538 2604 Paulus
1587 2560 1670 2612 eius
1700 2557 1900 2614 aposlolus
1930 2559 2183 2601 obtriverant
2215 2587 2229 2612 ,

1183 2635 1275 2663 earn
1301 2619 1566 2662 vehementer
1593 2618 1857 2669 detestanteS,
1891 2632 1935 2658 ac
1951 2616 2072 2672 longe
2086 2630 2228 2658 arcen-

1183 2689 1241 2719 tes
1272 2692 1293 2718 a
1321 2676 1419 2719 fide:
1456 2674 1774 2729 Furialesigitur
1790 2673 2228 2726 flammasexcuti'ens,

1182 2733 1324 2776 inflavi
1384 2745 1543 2775 mentes
1595 2731 1934 2787 philosophorum
2002 2731 2045 2773 &
2099 2730 2231 2785 agita-

1183 2791 1221 2833 vi
1253 2821 1267 2843 ,
1310 2805 1356 2833 ac
1389 2791 1432 2832 in
1464 2805 1604 2833 eorum
1640 2789 1864 2845 pecloribus
1897 2787 2018 2841 injeci
2051 2787 2227 2849 nimiam

1181 2846 1451 2901 cupiditatem
1498 2847 1735 2903 penetrandi
1784 2845 1953 2890 ulterius
2001 2845 2044 2887 in
2077 2845 2228 2888 divinis

1178 2904 1338 2947 arcanis
1367 2936 1380 2956 ‚
1421 2903 1648 2962 adduxique
1695 2904 1800 2959 ipsos
1842 2905 1883 2946 in
1929 2904 2035 2957 spem
2066 2936 2079 2958 ,
2122 2900 2227 2958 posse

1179 2977 1248 3016 per
1311 2961 1579 3017 philosophiae
1632 2977 1806 3004 acumen
1869 2961 2061 3004 evolvere
2119 2974 2225 3014 quae·

1178 3034 1351 3074 cumque
1400 3019 1586 3063 Christus
1635 3018 1752 3062 solius
1785 3017 1875 3061 fidei
1910 3017 2065 3061 tuttelae
2094 3015 2222 3061 confi-

1177 3088 1318 3132 gnaret
1347 3105 1356 3118 .
1400 3077 1560 3132 Quibus
1589 3076 1792 3134 promissis
1824 3091 1871 3119 eo
1903 3075 2074 3119 celerius
2106 3073 2229 3117 dede-2

2127 3136 2224 3176 runt
