2451 3470
470 110 850 165 LIBER

933 103 1770 161 SINGULARIS.

69 200 132 232 ter
162 194 429 240 argumenta,
461 195 594 226 tuetur
620 183 703 226 haec
729 182 1105 237 potiffimumano-
1154 181 1315 235 priam,
1344 179 1388 222 ὅ(
1420 177 1464 221 in
1497 177 1652 240 legibus
1681 178 1729 220 ad
1761 177 1957 240 populum
1989 180 2191 240 ferendis,

71 243 132 286 bis
162 241 327 285 addufi‘ta
359 240 464 283 ratio
485 240 715 282 exercendae
740 239 853 281 sacrae
878 239 1109 293 potestatis,
1155 238 1200 280 δε
1230 237 1273 279 in
1302 235 1561 279 defendendis
1573 235 1731 279 civibus
1748 237 1999 290 versabatur,
2032 240 2075 282 δε
2092 258 2191 295 prae-

72 298 247 354 iurisque
278 296 508 351 auguralis,
539 313 618 352 quo
652 297 731 339 fine
750 296 915 338 vinculo
928 310 1109 350 quonam

72 355 190 412 paE'to
217 356 445 409 Imperator
469 367 529 396 tot
556 353 851 396 militesavero
869 351 981 395 cultu
997 353 1107 394 aber-

72 425 206 456 rantes
246 411 293 454 ad
335 410 513 454 militare
562 410 855 453 sacramentum
887 408 1110 463 adegisset,

73 468 328 523 militarique
359 467 572 522 disciplina
599 466 784 518 rexisset,
817 481 904 521 quae
917 465 1108 508 saliorum

72 525 296 570 numinum
340 524 536 580 religione
580 524 831 567 nitebatur?
873 524 988 577 Quin
1023 523 1109 565 imo

73 582 265 638 Religio,
297 597 383 625 non
416 582 571 633 solum,
602 595 690 636 quae
719 579 886 622 dimicat
913 579 1035 622 armis
1051 579 1111 621 di-

72 640 291 692 vinitati83
323 638 384 681 sed
412 638 538 682 etiam
569 636 694 690 falsa,
724 648 812 687 quae
842 650 1023 679 armatur
1049 635 1113 678 vi-

76 697 185 740 ribus
216 694 520 747 multitudinis,
551 694 650 736 adeo
680 692 809 747 pollet
837 694 880 736 in
907 694 1021 736 rebus
1036 693 1110 736 hu·

75 753 237 807 manis,
269 766 313 796 ut
347 751 507 806 quando
540 752 732 803 Princeps
758 749 906 792 tulisset
927 750 1058 794 ullum
1078 749 1113 792 se

78 812 280 854 sacrorum
320 807 559 851 aufi‘toritate
594 805 818 859 maiorem,
849 808 877 849 fi
907 823 986 862 qua
1017 821 1113 849 con-

79 867 210 910 tentio
246 865 448 908 sacrorum
480 863 595 906 causa
623 863 808 917 erupisset
840 895 853 916 ,
884 863 1114 919 periculum

78 923 211 966 fuisset
226 953 238 974 ‚
259 937 309 965 ne
330 922 437 964 inter
457 934 592 964 motus
606 919 714 973 vulgi
732 935 867 963 rerum
882 921 1113 963 divinarum

1159 293 1295 337 sertim
1339 293 1381 336 in
1414 291 1510 335 vitae
1538 292 1737 347 famaeque
1770 292 1979 338 securitate
2010 327 2023 348 ,
2065 313 2189 352 quam

1157 365 1326 393 omnem
1362 349 1552 405 Princeps
1582 349 1769 393 trahebat
1800 366 1822 392 a
1855 353 2043 405 potestate
2066 354 2194 399 sacro-

1160 407 1291 451 saneta
1323 407 1610 451 Tribunorum
1625 438 1636 459 ‚
1672 408 1713 450 in
1729 423 1804 463 qua
1820 406 2092 454 fundabantur
2106 429 2193 456 ma-

1158 464 1304 516 jestatis
1336 463 1469 520 leges:
1503 464 1646 517 quibus
1677 479 1724 508 eo
1757 465 1925 508 nomine
1949 468 2004 510 rei
2023 469 2193 512 damna-

1161 523 1332 575 bantur,
1362 521 1469 576 quod
1502 521 1700 576 populum
1733 521 1776 576 in
1790 523 2005 577 Tribuno,
2037 525 2196 571 &Tri-

1162 580 1317 622 bunum
1342 578 1386 620 in
1403 577 1588 634 Principe
1604 578 1764 625 violasse
1786 580 2067 624 censerentur:
2094 585 2194 630 adeo

1163 648 1205 678 ut
1235 635 1530 679 animadversio
1561 636 1746 690 capitalis
1769 669 1782 691 ,
1808 653 1885 693 qua
1919 639 2114 694 plurimos
2131 641 2202 686 sibi

1163 691 1339 737 infensos
1366 724 1379 745 ,
1409 704 1477 735 aut
1510 692 1702 747 suspeetos
1735 696 2008 750 Imperatores
2040 698 2204 744 sustule-

1164 761 1283 802 runt,
1316 764 1400 791 non
1430 764 1452 793 e
1484 751 1593 804 regio
1624 749 1733 803 jure,
1765 753 1871 809 quod
1907 756 2039 798 Roma
2061 756 2202 800 exula-

1164 807 1255 859 bat,
1291 805 1350 849 sed
1381 808 1626 869 epotestate
1658 809 1898 853 Tribunitia
1935 813 2203 869 profluxerit,

1164 879 1233 917 per
1262 878 1387 918 quam
1416 879 1502 913 iura
1534 863 1672 919 populi
1704 867 1889 910 universa
1924 868 2112 925 Princeps
2131 887 2203 915 ex-

1166 920 1369 964 hauserat.
1405 921 1501 964 Ideo
1531 922 1706 965 Tacitus
1729 923 1884 977 [b]ait:
1921 926 2204 982 Idsummt'fa-

76 980 278 1023 arbitrum
305 978 454 1020 arbitro
473 978 652 1021 humana
660 992 748 1020 rum
768 977 887 1019 facile
902 977 1113 1032 pt'aeferen-
1152 977 1271 1033 stigii
1283 978 1517 1021 vocabulum
1530 978 1703 1036 reperisse
1716 980 1937 1037 Augustum
1952 1014 1965 1037 ,
1984 1001 2031 1026 ne
2043 985 2170 1041 Regis
2189 1019 2204 1040 ,

76 1038 131 1080 tis
146 1068 158 1089 ,
189 1037 239 1079 ab
259 1031 351 1092 ipsis
371 1034 574 1077 militibus
592 1034 787 1089 religione
803 1035 1014 1089 perstriffis
1029 1066 1041 1088 ,
1072 1035 1117 1077 &

78 1094 255 1136 dirarum
301 1092 520 1136 formidine
552 1090 749 1146 correptis
763 1092 1040 1137 ‚adduceretur
1071 1093 1116 1136 in

78 1149 289 1195 Pontificis
320 1149 504 1193 Maximi
537 1149 772 1204 potestatem
791 1179 803 1192 .
834 1148 918 1202 [¹⁵]

246 1265 287 1308 c
348 1267 387 1307 A
447 1263 478 1306 P
537 1264 581 1305 U
640 1263 685 1305 T
799 1254 932 1307 vm.

307 1351 372 1394 De
401 1348 636 1391 Tribum'tia
666 1347 872 1405 potestate.

180 1436 374 1491 Ostquam
408 1447 544 1477 autern
579 1437 852 1488 Imperatores
875 1432 1050 1489 praesidio
1070 1434 1114 1476 si-

198 1494 234 1536 bi
277 1491 546 1543 adiunxerunt
576 1492 858 1535 aussoritatem
891 1492 1076 1534 divinam
1101 1524 1112 1545 ,

79 1549 189 1592 suam
219 1549 264 1592 in
296 1550 513 1592 custodiam
547 1550 631 1591 vim
664 1549 786 1591 etiam
814 1549 1029 1591 adhibuere
1046 1563 1113 1598 po-

80 1606 264 1661 pularem
287 1638 301 1660 ,
332 1606 499 1649 assumta
534 1606 723 1660 potestate
755 1606 1021 1656 Tribunitia,
1053 1605 1114 1658 [a]

75 1662 124 1716 ‚in
156 1679 232 1719 qua
267 1665 436 1718 populus
470 1663 576 1705 vires
605 1678 748 1706 ornnes
781 1663 863 1706 suas
886 1695 898 1714 ,
931 1662 1112 1708 actalem

79 1719 391 1764 immunitatem
412 1719 706 1772 collocaverat,
739 1723 861 1776 utqui
877 1721 1112 1762 Tribunum

81 1778 205 1821 verbo
235 1790 303 1820 aut
337 1793 374 1820 re
400 1777 581 1820 violasset
600 1807 613 1828 ,
645 1778 675 1820 is
689 1790 883 1834 tanquam
906 1777 1113 1831 sacrilegus

80 1848 126 1878 ac
168 1834 310 1877 devota
346 1834 438 1876 Diis
472 1833 637 1877 viPtima
671 1835 838 1890 impune
869 1835 1111 1878 interficere-

79 1903 168 1990 }ur:
207 1902 494 1946 pmptereaque
525 1891 762 1936 Tribunitia
792 1894 960 1946 poteslas
987 1891 1108 1934 sacro-

99 1948 215 1991 an&a
263 1948 470 1991 dicebatur
497 1980 510 2002 ,
551 1949 644 2004 quia
689 1948 884 1992 sancitum
918 1962 1001 1991 erat
1025 1980 1037 1998 ,
1071 1961 1115 1991 ut

83 2004 188 2059 sacer
210 2006 322 2059 Diisq
332 2022 377 2048 ue
399 2005 676 2048 immolandus
704 2006 796 2050 esset
822 2006 1002 2061 quisquis
1015 2006 1114 2047 Tri-

84 2060 240 2113 bunum
265 2062 487 2105 offendisset
513 2093 522 2105 .
557 2062 767 2117 Quoniam
793 2076 932 2115 autem
959 2063 1112 2105 Tribu-

83 2114 178 2160 nus‘x
194 2118 386 2162 creandus
416 2132 500 2163 erat
531 2135 552 2163 e
585 2119 699 2174 plebe
719 2152 732 2173 ,
767 2122 996 2176 Imperator
1019 2134 1114 2163 vero

84 2174 126 2219 in
154 2175 419 2218 I'atiiciorurn
433 2191 604 2220 numero
617 2177 873 2231 censebatur,
905 2191 1113 2233 propterea

82 2246 165 2274 non
181 2232 417 2277 Tribunum
434 2234 468 2276 se
483 2234 748 2278 constituebat
761 2266 775 2289 ,
806 2235 865 2277 sed
880 2234 1113 2289 suscipiebat

80 2288 362 2332 Tribunitiam
397 2290 631 2344 potestatem
650 2316 665 2343 ‚-
695 2302 740 2334 ut
770 2291 913 2335 reli30
946 2307 1114 2335 munere

111 2345 275 2399 lebejo,
317 2346 499 2390 muneris
539 2359 680 2390 tamen
728 2348 1015 2392 aus’toritatem
1057 2348 1113 2390 as-

96 2417 308 2458 equeretur
338 2420 348 2445 :
397 2418 484 2459 quae
515 2404 556 2446 in
589 2405 952 2454 Senatusconsultis
983 2405 1114 2460 irnpe-

80 2458 232 2503 diendis
264 2476 334 2515 per
364 2460 690 2505 intercessionem
720 2462 1004 2507 Tribunorum
1020 2478 1112 2519 pro-

189 2518 292 2576 Jam'
322 2519 534 2568 Gravinae.
565 2520 678 2561 Tom.
712 2522 768 2562 II.

124 2629 134 2663 (
157 2627 196 2661 ⁸}
229 2630 340 2669 ltaque
378 2627 428 2664 ius
452 2628 536 2663 circa
563 2627 649 2662 sacra
673 2639 826 2673 quoque,
854 2630 1014 2664 eximiam
1040 2632 1113 2663 Ma-

83 2669 208 2708 iestatis
235 2681 360 2712 part-m
377 2691 387 2709 ‚
413 2674 496 2716 epud
524 2676 694 2706 Romanos
719 2673 891 2708 exercebat
908 2679 1113 2717 Imperator.

82 2715 261 2756 Superum
284 2715 463 2750 etiamnum
490 2719 524 2750 in
548 2719 667 2751 Codice
691 2720 876 2762 complures
901 2721 991 2762 teges
1007 2743 1018 2759 ,
1042 2722 1115 2765 qui-

81 2757 141 2791 bus
164 2769 316 2792 externus
345 2761 490 2794 Ecclesiae
514 2763 614 2796 status
629 2786 640 2802 ,
665 2773 737 2797 tum
762 2775 890 2808 quoque
915 2776 1116 2808 paganorum

77 2802 186 2836 cultus
211 2804 405 2845 ordinatur,
447 2806 510 2839 five
535 2807 772 2852 restringendus
798 2810 824 2842 is
849 2811 934 2842 visus
961 2810 1000 2846 sit
1018 2836 1030 2849 ‚
1053 2812 1115 2849 ἦρε

81 2846 241 2882 fovendus
268 2849 531 2892 aliquantulum.
555 2854 758 2888 Constantini
787 2859 836 2887 Μ.
854 2856 1115 2890 constitutiones

78 2890 117 2944 ad
152 2891 238 2926 sacra
273 2895 478 2935 pertinentes
504 2895 592 2931 inter
618 2906 741 2932 ceteras
763 2898 915 2942 exposuit
938 2900 1115 2937 Balduintis

76 2946 116 2970 m
141 2936 350 2978 Constantina
373 2940 520 2982 Magno.

124 2983 204 3022 (a)
228 2985 316 3016 Dion
339 2983 395 3017 lib.
422 2994 473 3024 49.
501 2986 540 3019 (9‘
564 2984 622 3020 lib.
651 2997 702 3028 53.
727 2988 832 3021 lie-C.

121 3025 204 3067 (b)
226 3027 283 3062 tib.
311 3039 340 3067 3-
371 3043 444 3062 ann.
472 3040 502 3073 p.
536 3042 607 3073 ης.

62 3114 65 3115 ⁷
120 3071 192 3110 (c)
218 3074 254 3104 in
277 3076 354 3106 vita
381 3074 510 3108 Tiberii
534 3085 601 3120 cap.
634 3089 682 3110 ιι.

121 3117 202 3155 (d)
228 3120 359 3151 Sveton.
387 3121 422 3154 in
450 3120 559 3156 Tiber.
578 3130 659 3167 -up,
695 3123 741 3154 26.
769 3120 857 3156 Dion
883 3120 945 3156 lib.
968 3132 1021 3163 42.
1037 3119 1111 3168 pag.

81 3162 154 3199 ³94.
176 3159 216 3196 <9⁶
238 3170 271 3206 p.
299 3173 374 3205 ²43·
905 3204 913 3211 ,
1096 3193 1099 3196 »

1161 1047 1233 1077 aut
1271 1035 1493 1081 Dib'latoris
1519 1052 1658 1080 nomen
1684 1038 1902 1091 adsumeret
1928 1057 1945 1082 .·
1986 1040 2043 1085 <9⁶
2071 1054 2204 1087 tamen

1162 1093 1422 1148 appellatione
1463 1094 1602 1149 aliqua
1645 1108 1769 1140 cetera
1800 1098 1971 1154 Imperia
1997 1102 2202 1155 praemt'ne-

1163 1162 1221 1192 ret
1244 1181 1253 1193 .
1287 1151 1343 1193 Et
1373 1151 1592 1194 Svetonius
1628 1151 1684 1204 (c)
1697 1152 1843 1206 refert,
1875 1156 2093 1200 Tiberium
2113 1157 2200 1209 jure

1165 1206 1417 1251 Tribunitiae
1446 1208 1648 1263 potestatis
1678 1209 1811 1254 ultum
1836 1210 1946 1256 fuisse
1964 1214 2198 1259 convicium

1165 1264 1207 1306 in
1241 1265 1276 1308 se
1307 1263 1486 1318 jactum,
1516 1281 1612 1311 curn
1644 1265 1756 1310 inter
1785 1269 1978 1323 graeculos
2011 1270 2199 1326 sophistas

1166 1321 1302 1365 Rhodi
1333 1322 1579 1366 versaretur:
1613 1323 1743 1367 citato
1774 1340 1846 1378 pro
1878 1326 2108 1382 tribunali,
2139 1343 2198 1371 at-

1166 1394 1242 1433 que
1275 1379 1319 1421 in
1350 1394 1552 1423 carcerem
1572 1379 1848 1426 conviciatore
1862 1381 2069 1434 conjeuo.
2101 1387 2202 1430 Tri-

1164 1436 1370 1480 bunitiam
1396 1452 1513 1491 porro
1530 1438 1763 1492 potestatem
1780 1471 1792 1490 ‚
1815 1455 1988 1495 excepto
2002 1441 2176 1485 Tiberio
2188 1475 2201 1497 ,

1163 1494 1225 1536 cui
1260 1493 1509 1537 tribuebatur
1540 1495 1580 1536 in
1607 1496 1964 1551 quinquennium,
1997 1499 2083 1550 (A)
2117 1504 2197 1543 Au.

1163 1551 1294 1606 gustus
1336 1550 1414 1603 [e]
1459 1551 1650 1607 exemplo
1693 1553 1791 1604 Julii
1833 1555 2000 1597 Caesaris
2043 1558 2201 1612 accepit

1165 1620 1426 1663 perpetuam,
1457 1622 1580 1662 quam
1615 1609 2105 1666 sequentes-‚Imperatores
2132 1615 2200 1657 sibi

1162 1665 1414 1707 renovabant
1445 1663 1610 1720 singulis
1640 1667 1758 1709 annis
1783 1699 1795 1719 ,
1843 1669 1986 1723 quibus
2020 1669 2200 1714 Tribuni

1163 1722 1232 1765 alii
1264 1723 1529 1768 creabantur:
1563 1724 1660 1766 adeo
1693 1736 1734 1766 ut
1766 1739 1815 1767 ex
1846 1727 1972 1768 annis·
1994 1727 2191 1771 Tribuni·

1164 1779 1227 1821 tiae
1261 1779 1462 1833 potestatis
1494 1779 1563 1836 qui
1596 1793 1791 1823 notantur
1824 1813 1836 1834 ,
1866 1784 1965 1826 anni
1998 1783 2195 1839 colligan-

1164 1849 1226 1879 tur
1271 1835 1476 1892 Imperii:
1521 1839 1709 1891 quamvis
1760 1840 2028 1893 Imperatores
2062 1857 2143 1882 non
2178 1859 2198 1884 a

1164 1893 1337 1938 Kalend.
1377 1894 1468 1945 jan.
1509 1895 1654 1949 quibus
1696 1896 1874 1938 Tribuni
1919 1898 2198 1953 magistratum

1162 1951 1353 2002 inibant,
1387 1950 1445 1991 sed
1478 1965 1500 1994 a
1531 1952 1619 2002 die,
1652 1967 1731 2008 quo
1750 1953 1983 2006 potestatem
2018 1954 2116 2008 [**]
2136 1955 2195 1998 su-

1164 2008 1368 2062 sceperant
1399 2022 1527 2049 annos
1559 2009 1764 2061 potestatis
1797 2010 1870 2056 suae
1885 2012 2135 2057 Tribunitiae
2149 2013 2196 2056 ad

1161 2065 1383 2111 Claudiurn
1435 2063 1553 2119 usque
1587 2066 1646 2108 11.
1676 2065 1880 2112 Caesarem
1912 2081 2198 2112 numerarent.

1363 2177 1404 2221 C
1455 2181 1502 2221 'A
1564 2178 1594 2221 P
1653 2180 1698 2221 U
1758 2180 1802 2222 T

1533 2293 1600 2337 De
1629 2293 1835 2348 Censura.

1919 2184 1997 2227 IX.

1297 2406 1341 2448 T
1371 2419 1509 2450 autern
1543 2406 1746 2463 Principes
1778 2407 1932 2454 famam
1951 2443 1963 2464 ,
1993 2411 2197 2456 &statum

1317 2464 1493 2509 aliorum
1526 2466 1695 2520 propria:
1727 2467 1910 2565 pgtestati
1931 2468 2196 2523 subjicerent,

2082 2541 2200 2582 atque

1873 2603 1979 2613 ..ι-

1161 2598 1344 2610 ...νο-...οη

1169 2652 1171 2655 .
1205 2634 1273 2669 (e)
1310 2634 1394 2664 idem
1420 2633 1454 2663 in
1482 2632 1611 2674 August.
1639 2643 1705 2675 cap.
1735 2644 1787 2674 27.

1207 2677 1281 2716 (³⁸⁴³)
1318 2675 1436 2709 Eadem
1464 2676 1760 2721 sentential'ighii
1785 2701 1798 2718 ,
1838 2680 1927 2724 Pagii
1959 2681 1988 2712 &
2015 2679 2201 2714 Ezechielis

1163 2721 1354 2761 Spar2hemii
1383 2743 1390 2757 .,
1411 2719 1460 2752 sed
1487 2733 1558 2754 earn
1584 2721 1766 2755 luculenter
1793 2723 1912 2757 refellit
1942 2726 1998 2758 Vir
2022 2728 2165 2759 eximius
2191 2749 2201 2764 ‚

1163 2765 1365 2799 Christianus
1389 2766 1537 2799 Gottlieb
1563 2764 1798 2800 schwartzius
1824 2766 1858 2800 in
1884 2768 2123 2803 Exercitae'ione
2161 2773 2200 2802 Ae

1162 2812 1356 2845 numeranda
1370 2811 1564 2844 Tribuninia
1577 2811 1732 2853 potestate
1750 2811 1963 2854 Augustorum
1980 2816 2196 2857 Caesammque

1167 2858 1381 2888 Romanorum
1416 2877 1425 2893 ‚
1453 2866 1517 2898 qua
1543 2857 1707 2896 osten-dit,
1734 2856 1818 2890 hanc
1846 2859 1989 2899 regulam
2016 2861 2050 2891 in
2086 2860 2205 2892 iistan-

1162 2910 1232 2933 tum
1263 2901 1522 2940 imperatoribus
1547 2912 1659 2932 veram
1686 2901 1745 2934 esse
1762 2924 1775 2939 ,
1798 2903 1910 2943 quiex
1927 2902 1996 2935 vita
2017 2906 2146 2946 privata
2162 2903 2203 2936 ad

1166 2945 1343 2986 Imperium
1371 2944 1475 2979 evee'ti
1499 2944 1648 2984 fuerint,
1674 2944 1788 2978 fallere
1814 2947 1846 2979 in
1867 2946 1942 2986 his,
1969 2949 2090 2990 quibus
2114 2949 2201 2980 data

1162 2988 1260 3022 fuerit
1283 2988 1474 3022 Tribunitia
1490 2989 1631 3031 potestas
1648 3013 1658 3029 ,
1683 3001 1859 3032 antequam
1882 2994 2025 3029 imperio
2045 2993 2197 3025 admove.

1162 3043 1273 3067 rentur
1288 3057 1298 3073 ,
1314 3036 1426 3075 quales
1438 3033 1564 3069 fuerint
1579 3035 1735 3069 Tiberius
1749 3058 1761 3074 ,
1776 3037 1874 3070 ‘ritus
1887 3057 1897 3074 ‚
1916 3035 2076 3075 Traianus
2106 3041 2206 3068 Mar-

1097 3067 1101 3085 '¹
1160 3089 1242 3120 cus,
1269 3080 1387 3112 Lucius
1415 3081 1540 3122 Verus,
1564 3079 1767 3116 commodus
1787 3102 1798 3124 ,
1839 3081 2006 3122 Caracalla
2030 3083 2058 3114 δε
2086 3083 2202 3123 Getv-‚
