2451 3470
690 116 1239 170 opusc
1321 113 1504 167 U'-L
1582 114 1666 168 A.
2132 131 2226 186 151

114 191 280 246 Paullus
309 189 552 234 Manutius:
589 191 630 235 in
656 191 881 235 Germania
901 188 1150 245 Longolius‚
1198 188 1439 232 oboriantur
1463 219 1473 231 .
1507 189 1547 232 Is
1576 185 1741 243 adjungi
1772 186 1842 230 sibi
1877 203 1961 231 non
1992 188 2229 246 indignabi-

71 251 73 253 ’
112 249 162 292 in
191 248 329 292 Gallia
363 249 578 302 Muretus,
610 249 761 304 aliique
786 247 1046 301 complures,
1077 249 1147 302 qui
1200 260 1261 288 tur
1292 246 1612 300 casaubonum,
1642 244 1894 289 Bochartum
1914 278 1925 297 ,
1958 247 2228 302 Salmasium,

116 321 197 362 prae
250 307 394 349 ceteris
439 306 572 349 studiis
618 306 810 348 Latinam
865 304 1147 359 eloquentiam
1196 319 1373 358 quorum
1405 302 1570 359 ingenia
1603 303 1646 346 in
1679 317 1744 356 te,
1777 302 2228 358 RegineridoS'tiffime,

116 362 323 427 complexi
357 363 473 416 sunt,
503 379 548 406 ac
569 363 785 406 Ciceronis
818 362 859 405 in
891 361 1062 404 dicendo
1089 362 1144 403 di-
1200 361 1365 404 suboriri
1401 359 1639 415 praesentio,
1671 361 1740 414 δι,
1763 360 1878 424 ‘quod
1911 360 2040 415 magis
2075 359 2229 411 mirer,

114 420 334 463 trinitatem
367 421 422 463 ita
456 420 742 475 suspexerunt,
776 431 819 462 ut
845 418 879 462 ei
903 417 937 460 se
959 430 1064 460 totos
1078 418 1146 460 de-

115 477 316 530 diderint,
353 494 399 520 ac
431 477 473 519 in
498 478 648 521 'eorum
680 492 749 520 ore
781 474 1039 529 temporibus
1053 476 1145 517 alie-

111 533 287 577 niffirnis
306 539 404 577 'non
438 535 558 577 modo
589 549 784 590 germana
809 532 851 576 &
881 533 1018 574 nativa
1037 533 1144 574 Lati-

117 591 223 634 nitas
238 623 250 644 ,
275 592 334 634 sed
356 607 432 634 vox
447 591 573 634 etiam
589 590 788 634 Tulliana
812 590 1029 633 resonarit:
1050 590 1143 631 Poe-

117 660 250 692 tarum
272 662 408 692 autem
432 662 613 691 veterum
633 647 840 702 splendor,
863 647 923 688 vis
939 677 950 698 ,
977 646 1148 699 ubertas,

110 705 159 748 v&
180 705 400 749 artificium
420 706 462 748 in
488 706 628 747 nostris
655 704 890 747 hominibus
913 704 966 745 ita
981 703 1148 755 revixit,

120 775 167 804 ut
189 763 405 806 secundum
427 761 648 814 Virgilium
665 793 676 814 ,
708 760 949 810 Catullum,
977 761 1146 803 Horati-

122 834 221 872 um,
252 819 395 874 eosque
425 832 569 860 omnes
601 849 612 868 ,
645 817 712 873 qui
744 831 862 859 aurea
883 847 895 868 ,
921 831 1046 871 quam
1080 833 1149 860 vo-

122 888 245 927 cant,
276 888 394 918 aetate
425 874 708 926 concluditur,
741 873 968 916 collocandi
1001 875 1148 917 merito

110 931 193 974 sint
207 931 471 979 Sanazarius,
505 931 741 985 Capycius,
777 932 910 982 Rota,
944 932 1144 974 Fracasto-

114 989 226 1041 rius,
260 990 413 1040 Cotta,
447 987 556 1030 Vida
578 1020 589 1040 ,
622 986 834 1036 Antonius
859 987 1041 1031 Telesius
1063 1020 1074 1040 ,
1106 988 1148 1031 ὅ(

116 1045 201 1096 ejus
218 1045 317 1089 civis
332 1048 597 1098 Martyranus
611 1077 622 1097 ,
649 1039 905 1098 Nava‘gerius
921 1077 933 1097 ,
953 1044 1147 1098 Castalio,

118 1102 382 1156 Flaminius,
407 1103 613 1145 Fontanus
629 1102 831 1157 ,ipsomet
849 1102 1039 1158 Scioppio
1056 1135 1066 1154 ,
1082 1101 1135 1145 ho

112 1160 231 1204 mine
248 1162 462 1203 Germano
488 1192 500 1212 ,
524 1159 735 1210 suadente,
768 1157 832 1201 vel
860 1172 966 1202 certe
994 1175 1077 1202 non
1091 1175 1147 1202 r-e-

114 1230 328 1272 pugnante
350 1249 364 1259 ,.
393 1216 610 1271 Hispanias
636 1232 685 1259 ne
714 1215 889 1272 singulos
915 1216 1120 1271 attingam
1138 1248 1149 1269 ,

114 1289 140 1317 e
173 1275 351 1317 tenebris
383 1272 608 1328 eripuerint
648 1273 688 1316 hi
722 1272 980 1316 celeberrimi
1012 1275 1147 1316 litera-

111 1346 209 1374 rum
244 1332 516 1383 restitutores,
551 1330 815 1374 Nebrissensis
840 1330 991 1374 scilicet
1017 1363 1029 1383 ,
1056 1331 1146 1373 Prn-

114 1388 282 1441 cianus,
315 1388 542 1439 Ludovicus
574 1386 702 1430 Vives
729 1420 741 1440 ,
774 1387 837 1430 vir
870 1388 911 1430 in
937 1386 1151 1438 judicando

109 1446 368 1488 ,acutissimus
388 1476 406 1498 .,
448 1460 494 1486 ac
527 1444 570 1486 in
602 1444 774 1488 dicendo
798 1443 1148 1500 elegantissimus,

108 1502 160 1545 ὃς
175 1501 406 1545 Franciscus
430 1500 615 1544 Sanstius
630 1533 642 1554 ,
673 1502 1041 1557 grammaticorum
1056 1517 1152 1545 cum

109 1573 319 1602 novorum
349 1571 437 1601 tum
464 1572 647 1601 veterum
677 1574 892 1614 princeps,
922 1574 1069 1615 quippe
1090 1575 1151 1601 ra-

118 1614 300 1659 tionibus
334 1627 420 1659 tam
445 1615 696 1670 simplicibus
721 1617 1012 1672 grammaticos
1026 1631 1154 1659 nexus

114 1671 370 1727 explicavit,
403 1672 735 1717 observationum
768 1673 811 1715 &
838 1673 1152 1729 regularumin-

119 1729 326 1772 finitatem
372 1730 527 1772 summa
566 1745 665 1773 >cum
717 1730 898 1773 utilitate
941 1731 1153 1785 reciderit,

118 1785 394 1842 loquendique
422 1787 539 1829 usum
567 1818 579 1839 ,
623 1787 666 1830 ἃ
709 1787 1028 1832 collocationem
1063 1805 1152 1843 par-

117 1843 223 1887 tium
256 1846 273 1896 (
303 1859 425 1899 quam
459 1843 591 1886 Graeci
626 1844 800 1895 σύνταξιν
833 1845 1076 1900 appellant)
1107 1845 1156 1889 ad

120 1913 204 1944 tam
251 1916 344 1944 vera
385 1901 429 1943 δί
460 1913 569 1944 certa
613 1900 736 1942 initia
767 1903 1019 1947 revocaverit
1050 1935 1063 1954 ,
1112 1916 1157 1946 ut

122 1958 439 2013 grammaticam
473 1957 677 2010 maistans,
705 1956 917 2003 xsummurn
955 1961 988 2003 se
1016 1959 1158 2003 Philo-

124 2014 297 2070 sophum
331 2013 555 2070 praestiterit
581 2046 594 2067 ,
624 2015 668 2058 δε
699 2045 711 2067 ,
742 2030 836 2059 cum
872 2017 1070 2061 varietate
1103 2018 1158 2061 le-

120 2071 271 2114 &ionis
303 2071 539 2115 concesserit
570 2071 734 2114 nemini
768 2104 780 2125 ,
816 2073 981 2117 scientia
1013 2075 1158 2119 vicerit

124 2129 291 2172 cunstos
320 2159 329 2169 .
384 2127 563 2171 Utinam
608 2129 958 2183 compendiariam
1001 2132 1112 2176 viam
1146 2165 1158 2186 ,

124 2201 247 2241 quam
280 2183 550 2241 illetpraefecit
568 2185 912 2241 adolescentibus,
945 2202 1159 2245 praecepto.

125 2258 217 2286 rum
249 2241 419 2286 avaritia
443 2257 527 2285 non
553 2242 865 2289 intercluderet.
901 2247 1057 2289 Verum
1076 2246 1160 2290 elo-

126 2299 486 2354 quentiaeLatinae
509 2331 521 2353 ,
554 2298 664 2351 cujus
697 2300 851 2356 primas
886 2318 978 2346 meo
1009 2303 1160 2354 judicio

128 2357 206 2400 fert
234 2356 353 2400 Italia
380 2389 391 2408 ,
435 2356 575 2399 Gallia
607 2357 731 2400 vestra
767 2358 990 2414 multiplici
1026 2361 1154 2403 erudi-

130 2413 275 2465 tione,
308 2413 557 2470 abstru‘saque
590 2415 797 2457 vetustatis
829 2417 1024 2461 universae
1055 2418 1159 2461 noti-

134 2470 190 2513 tia
215 2503 228 2525 ,
268 2471 312 2514 &
342 2471 507 2514 infinita
553 2470 801 2527 linguarum·
831 2474 1068 2529 cognitione
1103 2491 1157 2518 re·

133 2526 324 2581 spondet.
351 2528 537 2572 Utenim
560 2529 808 2572 Lambinum
836 2533 1029 2585 mittam,
1050 2533 1160 2575 Tur-

134 2585 315 2638 nebum,
350 2587 531 2628 Ramum
554 2618 565 2640 ,
603 2587 764 2629 Petrum
796 2588 968 2632 Fabrum
995 2621 1007 2642 ,
1055 2590 1161 2633 Peti-

135 2654 224 2705 tum
243 2673 255 2695 ‚
284 2641 466 2697 aliosque
498 2643 730 2699 complures
754 2676 764 2695 ,
797 2660 971 2699 quorum
1007 2663 1163 2690 memo-

135 2714 195 2742 ria
227 2714 293 2742 me
329 2698 526 2753 suggerit3
560 2700 601 2743 in
635 2702 753 2744 unius
785 2703 946 2753 Josephi
970 2705 1164 2759 Scaligeri

1196 430 1310 461 aetate
1336 429 1428 461 'non
1457 418 1729 472 confirmata,
1761 431 1818 460 ita
1844 430 1886 460 ut
1912 417 1936 459 si
1954 449 1965 469 ,
1997 417 2102 472 quod
2118 431 2230 459 nunc

1197 476 1370 530 parturis
1391 507 1403 528 ,
1434 475 1653 531 aliquando
1684 474 1814 529 parias
1835 507 1847 529 ,
1879 473 2017 517 minus
2051 473 2095 515 sit
2127 473 2230 516 Gal-

1199 533 1249 574 lia
1282 527 1509 575 dominam
1543 531 1712 575 illorum
1753 531 1796 574 &
1828 546 2004 574 acumen
2037 529 2231 573 desidera-

1193 603 1311 631 tura.
1343 589 1712 644 Jurisprudentiam
1742 601 1882 632 autem
1912 591 2055 631 Rom-22
2086 599 2232 630 notam

1196 646 1237 688 ὃς
1270 644 1422 688 cultam
1450 677 1462 697 ,
1504 662 1550 689 ac
1594 646 1756 689 subinde
1786 661 1989 701 nugarum
2024 643 2133 687 mole
2165 643 2234 687 de-

1201 703 1349 755 pulsam
1367 734 1378 754 ,
1414 703 1679 746 Nebrissensis
1695 703 1910 755 ,Budaeus,
1935 701 2122 745 Alciatus
2144 701 2234 743 sub·

1200 760 1375 802 levavit:
1411 760 1453 802 in
1485 760 1620 802 lucem
1651 775 1746 803 vero
1777 760 1965 803 evocavit
1983 760 2231 810 Connanus,

1199 819 1438 867 Duarenus,
1471 816 1715 869 Briffonius,
1745 816 1970 870 Donellus,
1992 817 2118 864 Baro,
2139 817 2234 858 Rae-

1200 875 1342 917 vardus
1359 905 1371 926 ,
1402 874 1615 926 vinnius,
1643 874 1837 925 Grotius,
1863 873 2072 916 Antonius
2090 873 2231 922 Faber,

1197 931 1264 984 Sc,
1298 931 1366 985 qui
1400 930 1458 982 jus
1489 930 1680 975 omnium
1712 931 1754 974 &
1784 931 2025 975 industriam
2053 931 2232 973 circum-

1199 988 1374 1043 scripsit,
1406 987 1628 1041 Cujacius‚
1657 1003 1729 1044 per
1760 1003 1882 1044 quem
1915 987 2031 1030 simul
2052 1002 2146 1029 cum
2163 1001 2234 1041 ve-⁴

1197 1059 1331 1088 terum
1368 1045 1756 1097 jurisconsultorum
1804 1045 1967 1088 scientia
2000 1076 2014 1098 ,
2060 1045 2234 1100 Jureqoe

1200 1106 1484 1146 Romanorum
1519 1115 1624 1146 tum*
1657 1101 1820 1157 publico
1849 1134 1860 1155 ,
1904 1114 1992 1145 tum
2027 1101 2185 1156 privato
2221 1131 2235 1152 ,

1199 1176 1314 1203 mens
1348 1159 1427 1212 ipsa
1460 1161 1609 1203 veteris
1640 1158 1872 1213 reipublicae
1906 1158 2059 1201 reddita
2079 1170 2236 1200 morta-

1199 1217 1302 1259 libus
1335 1216 1440 1268 suit,
1472 1216 1515 1259 &
1546 1216 1762 1259 aeternitati
1790 1216 2004 1259 mandata.
2037 1216 2148 1257 Cum
2165 1214 2236 1255 ad-

1199 1274 1368 1317 modum
1412 1274 1605 1317 homines
1649 1272 1927 1328 antiquitatis,
1959 1271 2085 1314 studio
2116 1285 2236 1314 tene-

1200 1343 1365 1384 rentur,
1397 1331 1494 1374 dum
1530 1331 1650 1373 verba
1683 1330 1955 1385 vestigarent,
1989 1344 2048 1371 res
2069 1328 2121 1370 ibi
2139 1343 2238 1371 con-

1197 1387 1323 1432 clusas
1349 1388 1728 1442 deprehenderunt,
1766 1389 1877 1430 Nam
1911 1386 2138 1428 evolvenda
2164 1401 2237 1425 vo-

1199 1445 1436 1489 cabulorum
1471 1444 1767 1499 significatione
1796 1475 1808 1497 ,
1856 1443 2029 1487 scientiae
2061 1475 2072 1496 ,
2106 1440 2237 1484 veluti

1203 1502 1356 1546 sublato
1392 1501 1510 1554 velo,
1546 1501 1686 1544 sensim
1720 1502 1989 1553 eminebant,
2026 1501 2079 1541 ita
2114 1499 2236 1541 uthis

1200 1560 1377 1615 vestigiis
1409 1560 1457 1601 ad
1492 1572 1611 1614 caput
1647 1558 1848 1612 sapientiae
1882 1572 2126 1613 perventum
2165 1556 2235 1597 sit-

1200 1617 1372 1661 Etenim
1406 1617 1622 1672 ingenium
1656 1617 1876 1659 hominum
1913 1630 1980 1670 per
2002 1613 2238 1656 varioseru-

1200 1674 1370 1718 ditionis
1402 1674 1550 1717 nasius
1593 1675 1758 1717 tandem
1809 1673 1856 1715 ad
1888 1687 2050 1728 portum
2086 1669 2234 1713 dofftri‘

1203 1748 1347 1775 narum
1368 1764 1378 1784 ‚
1413 1746 1559 1786 nempe
1593 1732 1639 1773 ad
1672 1730 1928 1776 vetustiorem
1961 1729 2005 1772 ὃς
2039 1728 2238 1770 saniorem

1205 1788 1512 1845 Philosophiam
1533 1820 1545 1841 ,
1577 1788 1704 1845 longo
1736 1788 1849 1830 cursu
1883 1786 1959 1829 suit
1994 1784 2236 1840 appulsum,

1204 1861 1250 1891 ut
1277 1846 1367 1902 apost
1401 1858 1461 1888 tot
1494 1846 1623 1889 secula
1668 1845 1837 1890 demum
1868 1843 2044 1900 eruperit
2078 1841 2112 1884 se
2146 1842 2243 1883 Ber-

1205 1905 1399 1947 nardinus
1431 1903 1613 1946 Telesius
1643 1901 1951 1954 Consentinus,
1983 1901 2046 1943 vir
2077 1898 2241 1953 elegan-

1206 1961 1377 2006 tioribus
1412 1959 1537 2004 literis
1568 1961 1843 2003 ornatissimus
1873 1990 1884 2012 ,
1925 1958 1994 2014 qui
2029 1955 2187 2012 primus
2218 1970 2242 1997 a

1201 2032 1376 2063 veterno
1419 2017 1624 2072 resipuitf‚
1668 2018 1712 2061 ὃς
1757 2015 1969 2072 vulgarem
2008 2013 2242 2074 physicam,

1207 2077 1299 2120 Diis
1331 2076 1446 2119 irat-is
1479 2088 1644 2127 natam,
1680 2090 1752 2126 pro
1772 2074 1926 2116 viribus
1952 2071 2109 2125 fugavit
2127 2101 2138 2121 ,
2164 2084 2244 2120 eye-

1206 2134 1289 2186 cit,
1321 2131 1493 2176 obtrivit
1520 2165 1532 2185 ‚
1563 2148 1584 2175 e
1615 2131 1727 2183 cujus
1762 2129 1896 2174 schola
1927 2127 2140 2171 doffliffimi
2173 2140 2243 2179 per

1209 2191 1373 2234 Italiam
1421 2189 1610 2232 homines
1652 2188 1782 2232 erniffi
1827 2187 1958 2240 sunt,
2005 2185 2113 2228 inter
2143 2197 2245 2238 quos

1204 2247 1394 2292 Stelliola
1421 2280 1432 2300 ,
1465 2246 1699 2290 Franciscus
1732 2247 1903 2297 Mutus,
1932 2240 2208 2296 Campanella
2231 2272 2242 2291 ‚

1208 2304 1425 2349 Severinus
1441 2336 1452 2357 ,
1470 2305 1649 2360 quicum
1666 2301 1878 2345 Francisco
1898 2300 2073 2343 Patricio
2088 2299 2242 2361 Senen-

1206 2363 1236 2406 si
1262 2395 1273 2415 ‚
1305 2362 1397 2404 viro
1425 2361 1472 2404 in
1506 2359 1767 2404 confutandis
1797 2358 2000 2402 erroribus
2030 2370 2247 2417 acerrimo,

1209 2437 1255 2463 ac
1285 2419 1401 2463 omni
1421 2419 1650 2462 eruditione
1670 2415 2014 2466 cumulatiffimo,
2050 2414 2133 2456 suas
2149 2426 2246 2463 Jun-

1211 2493 1305 2521 xere
1337 2476 1474 2532 copias
1507 2508 1518 2528 ,
1548 2476 1592 2519 δε
1623 2474 1762 2518 infesta
1793 2473 1908 2528 signa
1941 2469 2246 2532 praestigiatori-

1213 2537 1283 2578 bus
1325 2534 1384 2577 &¹
1411 2532 1600 2576 fanaticis
1643 2531 1874 2575 intulerunt
1901 2560 1910 2570 .
1955 2530 2088 2571 Extat
2130 2541 2245 2568 enim

1215 2589 1412 2635 Francisci
1432 2591 1542 2633 Muti
1578 2606 1650 2644 pro
1677 2588 1856 2631 Patricio
1883 2585 2082 2629 defensio.
2117 2585 2180 2626 Ac
2195 2597 2244 2625 ex

1214 2651 1276 2694 his
1301 2664 1405 2691 unus
1419 2648 1602 2691 Telesius
1627 2646 1673 2690 de
1700 2661 1831 2689 rerum
1859 2642 2118 2688 universitate
2134 2655 2247 2683 vete-

1216 2723 1305 2750 rum
1332 2704 1671 2752 Philosophorum
1703 2718 1815 2747 more
1839 2700 2016 2746 disseruit
2045 2732 2056 2753 ,
2082 2710 2126 2741 ut
2152 2712 2246 2740 eum

136 2771 336 2807 magnum
354 2787 364 2807 ,
397 2755 648 2799 uberrimum
665 2789 677 2810 ,
708 2775 753 2801 ac
786 2760 1026 2804 admirabile
1056 2763 1168 2817 inge·
1217 2765 1300 2817 jure
1319 2761 1582 2806 Verulamius
1605 2777 1805 2804 novorum
1828 2759 2048 2802 hominum
2064 2755 2246 2811 primurn

372 2811 388 2832 s

131 2813 252 2856 nium
286 2811 520 2864 coniluxit,
551 2814 741 2876 quicquid
775 2818 856 2871 post
886 2818 1078 2867 ‘homines
1097 2836 1166 2862 na·
1191 2811 1196 2875 l
1217 2821 1418 2877 appellet.
1453 2820 1594 2863 Ceteri
1627 2820 1757 2874 magis
1781 2818 1826 2861 ad
1852 2816 2037 2860 alienum
2060 2826 2159 2865 opus
2173 2827 2247 2865 ope

135 2883 200 2913 tos
234 2871 471 2934 mandatum
505 2869 558 2911 est
603 2869 729 2912 literis
755 2903 766 2922 ,
815 2875 1008 2930 quicquid
1041 2878 1093 2920 est
1127 2878 1169 2919 in
1193 2878 1197 2914 ἰ
1220 2877 1484 2935 pugnandum
1512 2909 1523 2929 ,
1571 2893 1694 2932 quam
1728 2876 1774 2918 ad
1809 2875 1921 2917 suum
1955 2868 2247 2914 instituendum

135 2927 410 2970 obscurissima
444 2926 635 2970 vetustate
663 2929 947 2985 reconditum,
976 2933 1170 2989 quicquid
1193 2917 1200 3006 ἱ
1220 2925 1436 2979 valuerunt
1462 2966 1472 2977 .
1519 2935 1634 2976 Dum
1668 2933 1774 2975 inter
1815 2932 1889 2974 hos
1920 2929 2116 2972 acerrime
2147 2941 2247 2968 con-

136 2983 330 3027 illustrius
374 2985 415 3026 in
462 2983 741 3026 universarum

481 3041 487 3046 ·
787 2989 974 3039 gentium
1023 2992 1401 3044 linguis¹tenditur
1431 3021 1442 3041 ,
1491 3006 1584 3033 ecce
1627 2989 1755 3032 mirus
1800 2989 1873 3031 tibi
1907 2983 2250 3039 Philosophorum

137 3040 353 3084 confusum
387 3040 511 3084 fuerit
545 3040 588 3083 &
619 3041 848 3093 dissipatum
879 3075 890 3095 ,
920 3058 964 3085 ut
997 3050 1173 3090 tenebrae
1220 3049 1433 3095 consensus
1476 3060 1597 3098 atque
1638 3059 1860 3090 concentus
1891 3043 2074 3087 exoritur
2103 3072 2111 3082 .

2155 3040 2247 3082 Pro-

127 3097 254 3142 nobis
300 3098 450 3143 summi
495 3097 574 3142 viri
627 3098 856 3144 doctrinam
901 3101 1173 3148 recolentibus
1198 3109 1296 3152 adiit
1326 3105 1441 3150 enim
1481 3103 1597 3148 Nola
1630 3103 1835 3157 ‚jordanus
1866 3102 2021 3144 Brunus
2042 3130 2054 3153 ,
2086 3097 2253 3140 Floren-

2203 3154 2260 3196 tia
