2451 3470
501 117 867 193 juata
945 111 1866 178 RECEPTIORIS.

1186 186 1413 241 iPrincipis
1456 186 1694 242 rescriptum
1715 219 1727 241 ,
1759 186 1878 240 Filii,
1910 187 1935 230 fi
1967 190 2084 234 Pater
2117 196 2249 240 nullo·

115 211 163 241 tae
188 194 450 242 Autlienticae
464 195 684 246 dicunturj,
715 193 858 235 adeout
872 192 1162 243 compendium

2145 133 2243 176 20AE

114 271 253 299 earum
286 255 335 297 ab
368 255 527 309 integro
559 263 755 295 contextu
784 264 929 304 genere
944 248 1161 302 distingua-
1186 240 1354 289 'habeat
1388 244 1522 299 prius,
1555 245 1620 288 vel
1652 245 1790 287 Mater
1820 248 2068 300 mortualit‚
2101 255 2244 307 autspf:

123 329 208 357 tur:
245 327 339 355 cum
372 311 451 353 111ae
488 309 779 359 Anthenticae,
810 305 907 348 illud
935 305 1159 347 Anthemi-

116 386 212 415 cum
241 380 524 421 nuncupetur.
555 369 643 408 Hos
675 376 810 405 autern
842 376 1015 424 quatuor
1047 363 1159 423 inssi-

117 428 326 470 tutionum
355 456 368 478 ,
418 424 494 467 sive
540 424 853 465 Elementorum
890 419 995 469 Juris
1020 418 1163 461 Libros

122 485 206 539 post
239 474 404 538 Digesta
433 512 447 534 ,
488 480 529 523 &
573 479 772 521 codicem
815 476 862 517 ad
914 476 1090 530 primam
1122 476 1164 517 &

121 543 286 583 brevem
319 538 558 591 Juventutis
590 534 893 577 Institutionem
929 564 941 585 ,
972 546 1091 588 atque
1116 533 1163 574 ad

120 597 348 640 faciliorem
366 595 610 650 superiorum
638 589 912 653 voluminum
927 589 1161 644 intelligen-

122 655 223 697 tiam
256 650 484 707 composuit
517 651 624 693 idem
657 648 904 700 justinianus
924 662 994 697 per
1011 648 1162 690 Tribo-

123 712 295 755 nianum
322 742 335 764 ‚
366 706 679 763 Theophilum,
711 706 756 748 &
787 704 1044 748 Dorotheum
1069 736 1079 747 .

326 819 773 866 TITULUS
881 819 967 861 ΙΙΙ.

181 941 247 983 De
279 937 341 980 his
370 934 442 991 qui
465 934 536 989 sui
565 965 578 988 ‚
611 934 676 976 vel
705 932 829 976 alieni
850 932 965 986 Juris
988 931 1107 986 sunt.

156 1051 167 1056 ”
259 1048 435 1093 Omines
484 1049 598 1093 liberi
634 1047 695 1093 vel
729 1048 818 1091 sunt
849 1047 955 1100 Juris
987 1046 1071 1101 sui,
1103 1046 1166 1103 vel

273 1108 426 1152 alieni.
456 1108 562 1160 Juris
592 1106 716 1150 alieni
754 1107 841 1148 sunt
863 1104 1166 1160 filiifamilias,

121 1165 192 1219 qui
226 1165 371 1209 vivunt
406 1165 473 1208 sub
506 1165 697 1219 potestate
728 1163 887 1206 Patris:
923 1164 1045 1207 ceteri
1080 1164 1168 1207 sunt

122 1221 248 1276 juris,
285 1223 360 1266 sive
394 1222 595 1278 potestatis
626 1222 723 1263 suae.
759 1221 890 1263 Patria
913 1221 1163 1275 potestastri-

123 1279 210 1322 buit
247 1281 479 1323 Parentibus
511 1279 589 1322 tale
620 1279 679 1330 jus
711 1279 752 1322 in
787 1277 939 1331 Filios,
972 1290 1016 1321 ut
1034 1293 1101 1321 eos
1121 1278 1167 1321 ad

123 1335 255 1380 levem
291 1339 409 1392 usque
441 1338 764 1379 verberationem
798 1350 979 1381 coercere
1006 1336 1168 1390 possint,

121 1394 165 1436 ὅ(
198 1396 430 1438 dominium
463 1394 747 1436 nanciscantur
777 1407 916 1437 earum
947 1393 1168 1448 omnium,

121 1465 210 1504 quae
254 1453 379 1495 Filius
438 1450 652 1505 adquirit.
695 1451 810 1494 Tum
853 1463 992 1496 autern
1039 1449 1171 1497 Pilius

120 1509 236 1550 venit
268 1509 311 1552 in
345 1508 581 1562 potestatem
615 1508 766 1558 Patris,
800 1523 897 1551 cum
928 1506 1166 1551 nasciturex

124 1562 233 1615 justis
265 1597 277 1618 ‚
320 1564 398 1609 five
432 1564 680 1608 solemnibus
711 1564 864 1619 nuptiis
893 1596 903 1608 .
946 1566 1047 1620 Quae
1078 1578 1166 1608 tum

123 1621 321 1677 legitimae
355 1623 472 1676 sunt,
501 1637 550 1665 ex
583 1622 675 1673 Jure
690 1622 1074 1678 Canonico‚.quod
1093 1623 1168 1668 hac

122 1677 169 1722 in
219 1681 390 1723 materia
421 1679 556 1722 Civili
589 1680 676 1730 Juri
710 1679 815 1735 apud
846 1678 1096 1724 Catholicos
1124 1697 1168 1723 0-

124 1751 242 1780 mnes
284 1736 497 1780 antecellit
524 1769 536 1790 ‚
577 1737 737 1792 quando
770 1737 1072 1781 contrahuntur
1102 1738 1165 1782 in·

124 1806 189 1835 ter
233 1795 417 1849 personas
463 1810 485 1836 a
531 1794 625 1845 Jure
670 1809 754 1836 non
787 1794 1012 1848 prohibitas
1039 1826 1051 1847 ,
1098 1797 1168 1839 ad—

124 1850 267 1894 hibitis
312 1868 361 1896 ex
393 1851 591 1895 Concilio
622 1851 872 1894 Tridentino
903 1852 1054 1899 duobus
1084 1854 1168 1897 Te-

127 1908 249 1951 stibus
291 1909 334 1952 ἂ
377 1908 593 1952 Parocbo:
637 1909 679 1951 ἀ
713 1909 918 1963 praemiffis
947 1910 1170 1953 denuncia-

126 1966 306 2008 tionibus
350 1968 474 2009 ternis
506 1998 517 2018 ‚
558 1965 664 2008 inter
695 1967 904 2009 festorum
936 1966 1131 2010 solemnia
1156 1999 1171 2021 ‚

125 2035 170 2063 ut
215 2022 239 2064 si
282 2022 387 2078 quod
429 2022 552 2065 obstet
588 2023 929 2078 impedimentum
960 2040 983 2066 a
1016 2024 1170 2078 Populo

126 2078 362 2122 Praesulibus
396 2079 512 2124 sacris
536 2078 806 2134 significetur.
841 2080 1165 2134 Quibusdenun-

127 2135 373 2178 elationibus
402 2136 581 2188 omissis,
615 2149 755 2191 poenas
786 2136 833 2179 ad
864 2137 1168 2189 arbitriumJu-

128 2193 229 2235 dicis
272 2193 486 2237 incurrunt
528 2194 670 2248 Sponsi
704 2225 715 2245 ‚
757 2193 800 2236 δι
832 2193 978 2237 illicite
1010 2208 1172 2240 contra-

128 2249 235 2293 hunt
263 2282 278 2305 ,Α
320 2250 507 2306 quamvis
556 2250 813 2307 contraffi‘turn
845 2251 1169 2296 Matrimonium

127 2322 214 2350 non
246 2306 455 2360 irritetur3
489 2307 586 2351 ficut
620 2309 835 2362 irritatur,
868 2309 893 2351 fi
921 2308 1172 2365 Parochi2&

128 2364 317 2408 Testium
351 2364 562 2420 praesentia
593 2365 712 2411 defit.

187 2421 423 2477 Aliquando
457 2422 550 2465 Filii
585 2455 596 2474 ,
645 2422 713 2466 etsi
747 2423 796 2466 ab
828 2422 949 2467 initio
979 2438 1066 2467 non
1095 2424 1173 2468 sint

129 2477 307 2533 legitimi
343 2511 355 2532 ‚
405 2494 479 2523 nec
513 2479 718 2523 nascentes
749 2481 969 2531 ceciderint
1003 2482 1070 2525 sub
1101 2497 1169 2537 po·

129 2537 310 2578 testatem
364 2537 490 2580 Patris
515 2569 527 2588 ‚
569 2550 707 2581 tamen
753 2538 794 2580 in
826 2553 917 2580 eam
950 2539 1134 2582 recidunt
1160 2571 1172 2592 ‚

129 2594 292 2647 quando
323 2594 462 2638 Mater
492 2595 544 2637 ab
571 2610 619 2638 eo
640 2627 652 2648 ‚
683 2610 764 2650 quo
795 2595 1052 2639 Concubinae
1083 2595 1173 2641 loco

130 2649 351 2694 habebatur
376 2681 389 2701 ‚
422 2651 464 2693 in
493 2651 818 2697 Matrimonium
849 2652 1041 2707 ducitur3
1075 2669 1173 2697 nam

131 2705 228 2750 Filii
263 2718 356 2749 ante
389 2705 553 2769 susc-epti
584 2741 596 2762 ‚
639 2710 722 2765 post
753 2725 818 2752 eas
849 2710 1010 2765 nuptias
1042 2711 1172 2767 legiti-

129 2765 189 2806 mi
224 2764 361 2815 fiunt3
392 2765 554 2818 perinde
584 2781 631 2810 ac
660 2766 760 2808 tales
790 2769 839 2810 ab
865 2768 989 2811 initio.
1008 2784 1056 2811 ex
1079 2770 1171 2812 Ma-

135 2834 195 2864 tre
240 2820 462 2876 prodierint
495 2851 505 2863 .
553 2822 640 2873 (a)
686 2823 878 2877 Legitimi
909 2824 1037 2868 etiam
1068 2827 1174 2870 fiunt

134 2877 177 2922 ὃ(
232 2894 272 2920 in
319 2878 552 2932 potestatem
605 2878 843 2935 rediguntur
885 2882 1012 2928 Patris

236 2936 339 2989 Jam‘
369 2936 557 2978 Gravinae
587 2937 702 2977 Tom.
734 2938 789 2978 II.

128 3007 236 3017 *-

1041 2914 1054 2936 ,
1104 2899 1175 2940 per

462 3008 597 3016 Μ-

930 3012 1172 3022 —-.—.-———

180 3037 262 3076 (a)
291 3041 388 3070 Auth.
418 3040 493 3069 licet
518 3040 605 3079 patri
632 3041 667 3069 C.
692 3038 728 3069 de
753 3041 895 3071 natural.
921 3041 979 3073 tib.

180 3081 261 3125 (b)
288 3086 377 3115 Ναυ.
404 3088 453 3120 89.
479 3085 515 3113 C.
543 3091 568 3117 9.
601 3084 700 3114 Aueh.
727 3090 874 3123 praeterea
897 3087 989 3119 auth.
1014 3084 1172 3128 itemfive

133 3129 222 3159 auth.
249 3128 276 3168 [ἱ
301 3129 374 3170 quis
400 3131 433 3158 C.
461 3129 497 3158 ti:
520 3129 662 3160 natural.
688 3126 744 3159 lib.

177 3175 254 3212 gc)
284 3175 384 3207 Auth.
405 3172 467 3214 sed
486 3171 514 3213 [ἰ
537 3171 605 3215 post
629 3174 665 3204 C.
688 3170 780 3216 inoffi
808 3170 894 3213 Test.

1211 301 1550 356 suscipiendorum
1585 301 1827 344 Liberorum
1857 301 2091 348 destituatur
2121 339 2128 349 .
2161 312 2245 362 (le)

1212 361 1317 404 Item
1371 358 1415 400 &
1455 358 1582 403 oblati
1625 359 1879 402 Monasterio
1929 359 2246 415 legit-iniuntur.

1213 418 1379 471 Propter
1410 415 1498 458 vim
1528 416 1654 460 etiam
1688 417 1827 472 patria}
1857 418 2062 472 potestatis
2094 452 2105 473 ,
2148 424 2248 467 Filia

1212 473 1372 532 nuptias
1402 472 1605 528 postulans
1637 473 1756 529 usque
1787 473 1835 516 ad
1867 475 2108 531 vigesimum
2129 481 2249 535 quin-

1212 544 1298 574 tum
1332 545 1488 574 annum
1523 531 1650 573 Patris
1681 531 1919 575 consensum
1953 535 2160 589 expeRare
2191 537 2249 590 iu-

1211 589 1354 640 betur-3
1385 587 1571 643 alioquin
1605 589 1722 632 Pater
1752 589 1800 632 ad
1830 605 1922 634 eam
1936 590 2152 637 donandam
2171 611 2251 638 non

1209 643 1442 700 obligatur..
1469 646 1543 688 Sed
1577 645 1604 690 st
1631 661 1789 691 annum
1804 646 2046 703 vigesimum
2060 654 2251 706 quintum

1211 701 1418 748 excelserit
1444 733 1457 756 ‚
1502 702 1582 747 sine
1631 703 1811 759 periculo
1842 707 2077 751 amittendae
2107 710 2211 754 dotis
2240 744 2252 766 ,

1215 759 1337 815 potest
1372 759 1498 804 Patris
1528 760 1765 806 consensum
1797 762 2024 818 negligere.
2056 768 2141 818 (Vc)

1272 817 1418 860 Parens
1470 832 1564 860 vero
1607 818 1809 875 utriusque
1864 820 1976 865 sexus
2019 823 2067 866 ad
2111 825 2251 873 secun-

1153 917 1154 920 ,
1213 873 1281 917 das
1325 874 1519 917 transiens
1564 875 1725 930 nuptias
1755 892 1897 923 eorum
1922 910 1936 932 ,
1977 895 2064 944 quae
2093 899 2115 926 a
2147 884 2257 940 prio-

1215 947 1255 974 re
1307 931 1498 988 Coniuge
1540 933 1847 989 quomodolibet
1887 951 2044 993 accepit
2068 971 2081 992 ‚
2123 940 2186 986 vel
2232 958 2255 985 a

1213 987 1416 1032 Filiorum
1459 989 1697 1033 successione
1741 989 1927 1048 legitima
1959 995 2097 1040 tet-ulit
2123 1030 2134 1052 ‚
2166 1010 2256 1042 tan·

1215 1057 1302 1090 tum
1337 1048 1483 1091 retinet
1516 1047 1808 1092 usumfruffium
1837 1066 1849 1104 3
1893 1052 2134 1107 proprietate
2168 1072 2255 1100 ma-

1217 1117 1339 1149 nente
1398 1105 1500 1160 apud
1545 1105 1713 1148 Liberos
1759 1106 1902 1160 prioris
1945 1110 2253 1157 Matrimonii:

1216 1163 1303 1215 (d)
1357 1161 1513 1206 etiamsi
1567 1163 1801 1208 Parentibus
1847 1181 1929 1208 non
1975 1168 2258 1214 successerint.

1218 1221 1299 1272 (e)
1331 1220 1490 1275 Quibus
1520 1235 1605 1263 non
1636 1221 1895 1276 extantibuS‚
1929 1223 2046 1279 plena
2081 1227 2257 1283 proprie-

1218 1289 1301 1321 tate
1335 1277 1521 1321 fruetur.

1274 1334 1468 1379 Praet'erea
1498 1333 1696 1389 Coniux,
1727 1335 1824 1380 alias
1863 1339 2132 1398 quascumque
2159 1360 2259 1388 eon-

1216 1390 1380 1443 trahens
1422 1391 1586 1454 nuptias
1624 1424 1636 1446 ,
1680 1409 1763 1436 non
1809 1397 1933 1449 potest
1963 1398 2260 1455 Testamento,

1216 1451 1426 1511 contraeffl
1455 1449 1578 1505 ,vel
1624 1449 1705 1494 alio
1754 1453 1936 1506 quolibet
1980 1457 2100 1500 modo
2127 1489 2139 1511 ,
2173 1458 2262 1514 plus

1217 1507 1431 1553 transferre
1463 1509 1505 1553 in
1539 1523 1694 1551 novum
1726 1509 1965 1568 Coniugern
2003 1543 2019 1566 ‚
2062 1530 2185 1570 quarn
2219 1518 2262 1560 in

1218 1580 1346 1609 unum
1390 1581 1441 1609 ex
1486 1566 1641 1611 Liberis
1667 1597 1679 1620 ,
1722 1567 1786 1609 cui
1837 1568 2056 1615 minimam
2103 1587 2261 1627 partem

1217 1623 1475 1667 attribuerit:
1510 1623 1600 1677 [s]
1628 1624 1670 1666 Sc
1695 1623 1802 1680 quod
1828 1642 1919 1670 eam
1937 1629 2168 1681 portionem
2185 1631 2263 1676 mi-

1218 1679 1378 1726 nimam
1412 1679 1683 1737 superaverit,
1716 1680 1872 1729 Liberis
1902 1684 2037 1731 cedet.
2067 1686 2149 1743 [g]

1418 1796 1462 1842 T
1497 1795 1511 1836 I
1537 1796 1590 1856 vT
1622 1797 1666 1840 U
1700 1797 1733 1839 L
1764 1797 1808 1842 U
1840 1796 1868 1839 S

1532 1911 1601 1957 De
1629 1910 1924 1967 Adoptionihus
1941 1943 1953 1955 .

1984 1800 2065 1844 IV.

1283 2022 1493 2075 Nducitur
1545 2023 1671 2068 etiam
1714 2026 1842 2079 patria
1889 2027 2057 2080 potestas
2100 2026 2144 2072 in
2192 2030 2298 2074 Pia

1300 2081 1376 2124 lios
1418 2082 1573 2124 alienos
1607 2113 1620 2133 ‚
1670 2097 1738 2136 pei·
1772 2084 2030 2127 nativitatem
2063 2086 2263 2142 civilem,

1219 2136 1296 2181 five
1340 2153 1409 2193 per
1450 2139 1710 2194 adoptionem
1735 2171 1744 2181 .
1797 2141 1897 2196 Quae
1928 2142 2120 2186 definitur
2150 2144 2260 2187 acius

1220 2193 1430 2250 legitimus
1470 2198 1676 2240 Naturam
1719 2196 1887 2240 imitans
1910 2230 1924 2253 ‚
1972 2215 2052 2254 quo
2082 2200 2175 2257 quis
2202 2201 2263 2244 al-

1219 2252 1342 2296 terius
1385 2252 1512 2296 filius
1536 2285 1547 2305 ,
1591 2267 1661 2296 aut
1703 2254 1846 2309 Nepos
1878 2255 1919 2298 in
1954 2257 2169 2303 infinitum
2199 2258 2262 2302 ef-

1219 2309 1354 2352 ficitur
1383 2341 1395 2363 ,
1437 2326 1531 2353 cum
1583 2323 1699 2354 autea
1734 2327 1817 2354 non
1848 2312 1967 2356 esset.
2000 2316 2100 2371 (2:1ae
2130 2331 2260 2371 genc-

1220 2366 1358 2410 raliter
1426 2381 1588 2423 accepta
1643 2368 1954 2428 comprehendit
2013 2384 2101 2416 tum
2163 2373 2263 2416 ado-

1220 2423 1403 2478 ptionem
1447 2424 1530 2475 ejus
1559 2455 1572 2478 ,
1616 2440 1728 2475 cuius
1779 2425 1896 2469 Pater
1927 2429 2125 2473 naturalis
2155 2430 2263 2474 vivit

1219 2481 1262 2524 δε
1313 2496 1408 2525 eum
1451 2481 1496 2524 in
1541 2483 1732 2537 potestate
1777 2483 1938 2539 habet3
1982 2498 2070 2530 turn
2114 2486 2261 2543 illius,

1219 2538 1289 2594 qui
1330 2537 1393 2582 vel
1427 2552 1560 2583 morte
1595 2540 1720 2583 Patris
1745 2572 1759 2593 ,
1803 2542 1864 2585 vel
1898 2544 2257 2599 emancipatione,

1218 2597 1265 2639 de
1315 2595 1505 2652 potestate
1535 2596 1644 2640 illius
1674 2596 1803 2641 exivit
1828 2629 1843 2652 ‚
1883 2599 1925 2642 &
1957 2601 2011 2643 est
2042 2600 2147 2653 Juris
2181 2601 2262 2646 sui.

1222 2653 1402 2709 Accepta
1433 2669 1530 2697 vero
1563 2653 1786 2709 specialiter
1823 2688 1835 2709 ‚
1869 2656 2067 2712 fignificat
2100 2672 2263 2704 tantum

1220 2710 1483 2766 adoptionem
1516 2710 1626 2763 eius,
1656 2712 1725 2768 qui
1758 2714 1810 2755 est
1841 2713 1963 2757 alieni
1995 2716 2097 2768 Juris
2117 2732 2130 2758 t
2164 2733 2260 2761 cum

1221 2767 1385 2823 adoptio
1426 2767 1536 2811 illius
1561 2801 1574 2822 ‚
1616 2771 1685 2825 qui
1727 2770 1782 2813 est
1813 2771 1918 2822 Juris
1950 2772 2004 2816 sui
2038 2774 2263 2829 specialiter

1221 2824 1430 2880 adrogatio
1463 2840 1743 2880 nuncupetur.

1279 2882 1540 2926 Permittitur
1598 2896 1760 2929 autem·
1796 2883 2005 2941 adrogatio
2045 2917 2059 2940 ,
2113 2886 2140 2929 fi
2196 2904 2264 2931 ac-

1802 2943 1893 2991 C‚c
2151 2945 2265 2988 cedat

1221 3013 1440 3023 -μ

2020 3015 2046 3023 ¹-

1266 3041 1350 3126 ἓά)
1377 3045 1413 3073 L.
1446 3043 1598 3073 Faemiuoe
1613 3052 1628 3079 3
1660 3044 1750 3074 auth.
1766 3054 1801 3074 ex
1816 3043 1935 3083 testam.
1956 3048 1990 3076 C,
2000 3046 2129 3085 secund.
2147 3048 2256 3087 Nupae.

1300 3086 1344 3122 e)
1373 3088 1472 3118 Anth,
1506 3089 1585 3118 [κη’]
1615 3089 1646 3116 C.
1676 3088 1741 3118 eod.
1924 3115 1925 3118 ,

1267 3130 1342 3171 (f)
1369 3134 1402 3162 L·
1431 3132 1486 3162 hac
1510 3131 1640 3162 edic'hli
1663 3134 1691 3161 6.
1718 3134 1751 3162 C.
1780 3132 1903 3171 fi’nmd.
1938 3135 2042 3175 Nupt-

1265 3176 1285 3216 (
1297 3186 1318 3216 g
1333 3175 1351 3215 )
1382 3176 1416 3206 L.
1435 3177 1584 3218 quoniam
1601 3184 1627 3213 9.
1645 3187 1714 3209 cum
1726 3178 1820 3211 autb.
1836 3177 1880 3209 acl,
1891 3187 1939 3209 eos
1953 3182 1987 3208 C.
1999 3177 2126 3219 secund.
2145 3181 2254 3221 Nape·
