2451 3470
118 65 253 141 ‘584
660 67 714 140 Ἰ.
795 68 866 124 v.
982 72 1033 126 G
1115 74 1169 128 R

1253 77 1797 136 AVINAE

179 151 229 200 ‚¹¹¹
263 135 560 194 imaginarium
591 138 709 186 aliud
744 142 986 190 festucarum
1017 149 1210 194 conflictu
1260 167 1311 196 na
1334 153 1499 210 Religio
1523 171 1572 199 ex
1599 171 1680 200 una
1705 157 1832 211 urbe,
1858 170 1994 202 rerum
2016 154 2298 202 humanarum

177 205 395 238 imitatum
423 209 752 243 converteretur.
786 202 960 258 Legibus
986 204 1121 260 itaque
1149 206 1212 250 his
1257 210 1300 252 &
1319 210 1554 256 divinarum
1580 212 1749 257 domina
1787 213 1948 257 facilius
1983 215 2222 259 &celerius
2251 214 2297 258 in

173 249 226 293 in
241 252 426 307 Imperio
451 266 521 297 tuo
548 256 720 310 receptis
745 261 908 302 eveniet
923 291 935 313 ,
954 273 997 303 ut
1017 261 1208 317 cives‚vel

173 308 223 351 in
249 308 396 353 scholis
418 310 465 354 de
484 309 584 362 justo
607 313 649 355 ὃ(
675 313 820 365 injusto
845 316 951 360 inter
970 317 1208 364 innumera·

177 363 279 409 biles
303 367 622 422 controversias,
650 369 712 414 vel
741 371 782 415 in
807 372 895 416 foro
926 374 973 417 de
996 373 1082 426 jure
1102 378 1204 432 quis-

174 438 253 478 que
280 425 346 467 suo
368 441 436 480 per
453 426 709 482 quotidianas
728 428 1012 486 diuturnasque
1039 432 1130 476 lites
1144 433 1204 478 di-

172 481 406 535 sputantes,
431 482 528 526 dum
553 483 773 528 utilissimis
800 487 1083 540 quaestionibus
1124 491 1202 535 im-

169 537 434 592 plicabuntur
454 571 466 592 ,
491 555 513 582 a
539 541 859 595 cogitationibus
894 560 1031 588 rerum
1075 562 1201 592 nova-

169 610 266 637 rum
286 596 329 638 δι
343 596 520 639 motibus
533 597 721 640 civilibus
734 600 1014 644 abstrahantur
1029 619 1039 655 3
1055 618 1202 661 perque

167 651 278 695 hanc
303 653 566 709 ingeniorum
591 653 788 699 salubrem
809 657 1060 715 longamque
1081 678 1201 706 occu-

165 710 379 764 pationem
408 709 586 764 Principi
614 711 802 758 securitas
816 746 828 768 ,
849 714 891 758 δί
912 716 1068 760 civibus
1088 731 1198 762 tran-

169 765 353 820 quillitas
379 767 654 821 procreabitur
669 799 678 811 .

225 824 281 866 Et
306 824 501 879 quoniam
531 826 874 871 Romanus‘civis
901 845 1021 874 nona
1048 833 1195 876 natali-

163 879 236 922 bus
251 912 262 933 ‚
277 896 419 925 verum
446 897 466 923 a
489 880 642 936 legibus
661 883 703 926 &
726 886 905 929 moribus
924 889 1197 944 constituitur,

160 934 254 979 ideo
278 953 372 980 cum
400 937 483 988 jure
498 938 632 981 nostro
649 942 885 986 Romanam
906 944 1033 988 etiam
1052 946 1197 990 civita-

160 1003 246 1035 tem
278 1010 347 1049 per
370 1010 496 1038 omne
525 1008 641 1039 tuum
668 997 890 1052 imperium
925 1004 1163 1058 propagabis
1183 1037 1195 1058 ‚

157 1050 310 1105 nosque
336 1051 382 1094 de
409 1052 582 1105 Scythia
597 1085 608 1105 ‚
637 1054 742 1098 unde
764 1057 1031 1112 Radagais0s‚
1053 1061 1095 1103 δι
1115 1063 1194 1104 At-

165 1106 259 1149 tilas
288 1108 585 1162 extimuimus,
612 1125 740 1156 novos
773 1113 1016 1168 Stilicones‚
1047 1117 1090 1160 ὃς
1112 1121 1194 1162 Ae·

159 1164 238 1206 tios
268 1166 594 1220 expet‘tabimus.
624 1168 735 1223 Quid
764 1186 860 1214 vero
893 1172 973 1215 tui:
1009 1173 1196 1218 laudibus

1259 266 1463 324 reliquum
1496 271 1667 325 Imperii
1691 286 1836 325 corpus
1862 270 1909 313 ad
1934 272 2101 315 cunfi’tos
2125 271 2298 328 populos

1257 323 1581 371 diffunderetur.
1621 327 1738 370 Hinc
1775 341 1901 371 nexus
1942 330 2179 373 communis
2208 331 2299 371 Im-

1256 382 1390 438 perii,
1426 400 1506 440 quo
1543 383 1826 428 universorum
1866 383 2089 429 hominum
2129 386 2294 449 societas

1255 439 1545 485 continebatur
1576 473 1588 494 ‚
1637 441 1867 496 duplicatus
1913 442 2163 487 mirabiliter
2210 441 2290 485 fuit

1254 498 1549 542 communione
1577 499 1840 555 Religionis,
1871 513 1960 554 quae
1978 530 1991 553 ‚
2025 515 2120 542 cum
2155 499 2292 563 profa-

1254 567 1350 596 nam
1384 554 1427 597 in
1472 555 1623 598 sacram
1667 555 1952 599 au&0ritatem
1995 556 2255 600 convertisset
2279 587 2293 610 ,

1250 623 1340 652 eam
1374 611 1520 655 inermi
1548 615 1694 656 Romae
1722 612 1865 656 tribuit
1889 611 2253 657 immortalitatem
2271 644 2286 668 ‚

1250 681 1374 720 quam
1399 684 1503 712 vana
1532 669 1600 712 sibi
1627 670 1688 725 spe
1714 681 1868 714 veteres
1892 669 1942 711 ab
1968 685 2181 733 armorum
2212 686 2293 725 po-

1251 724 1375 766 tentia
1410 725 1712 781 pollicebantur
1736 759 1746 770 .
1780 726 1949 770 Habent
1985 729 2282 790 enunRomae

1251 779 1356 824 sacro
1381 798 1430 826 ex
1457 782 1534 826 hoc
1561 783 1713 828 foedere
1745 783 1883 839 populi
1909 799 2152 846 communia
2192 800 2286 827 mu-

1248 851 1341 880 nera
1358 870 1369 891 ‚
1390 855 1631 885 communes
1653 841 1900 896 dignitates,
1921 840 1964 883 &
1989 841 2120 896 ipsam
2149 841 2288 896 supre-

1245 909 1358 939 mam
1386 897 1589 941 facrorum
1617 899 1851 952 potestatem
1876 913 2146 941 communem
2164 929 2173 939 .
2199 899 2287 961 ξ-ἱε-

1245 951 1342 994 bent
1372 953 1416 996 &
1438 954 1580 998 civiles
1611 954 1719 1011 leges
1742 954 1829 1005 jure
1855 953 2071 1017 Pontificio
2097 967 2279 1017 munitas

1243 1007 1286 1051 &
1307 1009 1554 1064 explicatas,
1579 1023 1647 1064 ut,
1668 1010 1862 1067 quidquid
1883 1010 2066 1074 praeclari
2091 1023 2284 1054 contine-

1244 1077 1303 1108 ret
1329 1067 1556 1122 Imperium
1578 1100 1590 1120 ‚
1622 1068 1667 1111 in
1695 1067 1919 1111 Ecclesiam
1940 1067 2167 1130 4videamus
2207 1067 2284 1131 esse

1243 1123 1489 1168 transl-atum
1510 1157 1518 1167 .
1552 1125 1719 1168 Habent
1743 1125 1784 1168 in
1811 1125 2029 1178 conspicuo
2053 1139 2188 1168 rerum
2218 1124 2282 1167 di-

1242 1179 1434 1223 vinarum
1461 1182 1628 1225 arbitrio
1654 1180 1790 1231 judicii
1819 1181 2078 1224 securitatem
2109 1181 2156 1224 ad
2176 1196 2279 1224 con-

159 1220 347 1278 istiusque
369 1223 535 1279 imperii
558 1226 833 1279 amplitudine
856 1228 1044 1282 dignius?
1069 1247 1194 1287 quam
1243 1237 1452 1280 troversias
1478 1238 1751 1291 dirimendas,
1772 1256 1817 1282 ac
1836 1237 2163 1292 tranquillandas
2193 1238 2284 1280 ani-

157 1278 209 1321 ad
231 1279 415 1331 regimen
443 1282 696 1336 publicarum
715 1283 756 1326 ὃς
781 1286 1034 1340 privatarum
1057 1303 1191 1333 rerum
1213 1282 1220 1334 l
1241 1309 1353 1346 mas,
1387 1294 1526 1337 frustra
1553 1311 1696 1350 pacem
1729 1296 1771 1338 in
1795 1296 1953 1350 privata
1982 1294 2048 1338 sua
2092 1294 2288 1357 vel-alte-

159 1335 206 1377 in
227 1335 442 1380 confilium
470 1338 544 1381 tibi
566 1370 578 1391 ‚
604 1355 649 1382 ac
679 1340 755 1383 tuis
778 1343 968 1386 adhibere
989 1344 1160 1390 Solones
1180 1379 1192 1400 ,
1213 1337 1218 1388 l
1242 1349 1321 1393 rius
1358 1352 1599 1395 austoriiate
1625 1365 1849 1408 quaerentes
1874 1384 1886 1405 ‚
1928 1351 1973 1394 δι
2000 1351 2047 1394 ad
2079 1350 2288 1394 cohiben-

160 1392 327 1436 Numas
345 1426 357 1447 ‚
371 1396 530 1438 Crassos
545 1429 556 1449 ‚
570 1396 715 1439 Brutos
730 1430 741 1450 ,
761 1399 1021 1454 Papinianos,
1036 1403 1192 1446 Scaevo-
1212 1393 1219 1428 l
1240 1407 1309 1449 dos
1334 1408 1477 1452 civiles
1498 1409 1700 1453 tumultus
1715 1441 1726 1462 ‚
1749 1410 1894 1465 quibus
1910 1425 1963 1452 ex
1988 1408 2183 1451 varietate
2202 1410 2285 1452 Re-

159 1449 245 1502 sas,
270 1451 544 1506 justinianos,
571 1465 711 1509 totque
735 1455 836 1498 alios
857 1457 932 1499 five
958 1458 1004 1500 de
1025 1460 1191 1503 Graeco-
1211 1431 1218 1494 l
1242 1463 1449 1516 ligionum
1483 1482 1604 1522 regna
1631 1466 1895 1522 quassantur,
1929 1479 2054 1520 atque
2085 1466 2133 1508 ad
2159 1466 2292 1509 incer-

156 1521 252 1549 tum
281 1509 521 1562 Sapientum
549 1542 560 1564 ‚
599 1510 678 1553 sive
712 1512 759 1555 de
784 1515 1071 1558 Romanorum
1110 1518 1192 1560 Re·
1241 1533 1333 1565 turn
1361 1522 1428 1565 vel
1456 1524 1694 1578 popularem
1723 1524 1866 1566 statum
1895 1522 2191 1575 revolvuntur,
2215 1522 2291 1566 sta-

154 1579 280 1618 gum‚
309 1567 638 1620 Imperatorum,
659 1568 703 1611 &
727 1570 957 1614 Consulum
986 1588 1188 1616 numero:
1213 1594 1216 1595 ⁷
1243 1577 1318 1621 tim
1354 1591 1398 1622 ut
1426 1580 1568 1623 unicus
1597 1579 1640 1623 ὃς
1676 1582 1857 1623 summus
1889 1579 2119 1634 Religionis
2159 1579 2291 1622 inter-

156 1636 333 1676 quorun
354 1624 517 1667 animus
540 1625 671 1669 adhuc
694 1627 834 1669 nostris
857 1627 1038 1684 loquitur
1068 1631 1110 1673 in
1133 1630 1188 1674 le·
1241 1650 1326 1690 pres
1353 1649 1672 1681 contemnatur.
1700 1638 1870 1681 Habent
1898 1637 2098 1692 postremo
2124 1638 2284 1700 Rorna-

158 1677 300 1734 gibus:
335 1680 477 1735 quibus
498 1681 561 1725 illi
588 1683 674 1737 pari
703 1684 918 1740 aequitate,
945 1687 1111 1742 parique
1143 1704 1190 1730 ο-
1211 1711 1216 1747 ς
1240 1707 1302 1735 nae
1329 1692 1583 1737 auf‘toritatis
1624 1693 1799 1738 cultores
1825 1707 1967 1750 praeter
1989 1692 2162 1757 diuina,
2194 1709 2285 1748 qui-

149 1736 319 1779 mnium
348 1738 535 1792 gentium
570 1740 845 1784 admiratione
863 1774 875 1794 ,
909 1759 955 1786 ac
986 1743 1187 1788 felicitate
1211 1751 1216 1789 ῗ
1239 1749 1310 1792 bus
1338 1750 1482 1794 omnia
1514 1751 1717 1802 subjacent
1747 1782 1759 1804 ‚
1789 1751 1971 1794 humana
1995 1763 2122 1794 etiam
2150 1751 2255 1793 bona
2276 1781 2290 1803 ‚

148 1803 272 1835 tuum
294 1810 453 1850 quoque
472 1812 648 1852 regnum
668 1797 1011 1853 administrarent,
1027 1802 1189 1856 quibus-
1237 1822 1411 1861 quorum
1454 1808 1503 1850 ad
1540 1808 1709 1852 culmen
1746 1808 1856 1851 nihil
1902 1807 2082 1863 prosette
2113 1806 2257 1850 deesset
2281 1838 2296 1861 ,

150 1864 230 1904 que
260 1855 466 1906 propriam
491 1866 534 1896 tu
560 1853 755 1905 justitiam
775 1868 898 1912 atque
925 1859 1186 1911 prudentiam

150 1905 401 1961 aci-posteros
427 1910 746 1955 transmitteres.
772 1914 864 1956 Hac
878 1926 1015 1958 autern
1047 1915 1183 1971 legum
1209 1913 1216 1929 '

150 1964 346 2018 aequitate
373 1968 554 2010 Romani
581 1968 703 2021 longe
731 1970 935 2025 ampliuS‚
956 1988 1080 2027 quam
1111 1972 1187 2015 tri-

153 2021 322 2075 umphis
341 2038 386 2064 ac
407 2024 552 2077 praeliis
572 2024 854 2080 profecerunt.
888 2028 966 2071 His
989 2030 1101 2072 enim
1125 2030 1189 2072 in-

154 2080 435 2123 numerabiles
469 2082 635 2138 quidem
678 2098 725 2125 ex
764 2084 950 2128 universo
989 2097 1189 2130 terrarum

148 2134 246 2177 orbe
278 2136 435 2190 palmas
449 2169 462 2190 ,
482 2140 649 2183 caducas
671 2151 810 2183 tamen
828 2142 870 2184 ὃς
891 2142 1057 2196 fragiles
1073 2175 1083 2195 ‚
1104 2144 1188 2186 col-

149 2190 365 2245 legerunt3
396 2194 480 2236 illis
505 2210 606 2238 vero
628 2198 842 2250 praemium
868 2215 889 2241 a
911 2203 995 2242 Deo
1012 2201 1188 2252 Optimo

146 2248 345 2291 Maximo
366 2249 603 2296 immortale
629 2254 696 2295 sibi
720 2269 956 2298 meruerunt
979 2258 1023 2299 ὃ(
1049 2259 1184 2301 infini-

150 2316 268 2357 tum,
298 2306 532 2362 Religionis
561 2310 755 2354 videlicet
785 2313 1070 2357 auROritatem
1099 2314 1123 2367 ‚'
1143 2316 1186 2358 δε

146 2362 366 2406 veritatem
393 2377 583 2409 aeternam
604 2367 882 2412 concreditam
905 2370 1013 2424 fidei,
1031 2372 1183 2426 sapien-

142 2417 239 2472 tiae,-
273 2436 317 2462 ac
345 2421 545 2474 probitati
577 2426 894 2477 Romanorum:
932 2441 977 2470 ut
1012 2429 1184 2472 coelestis

142 2473 214 2517 hic
240 2477 448 2521 thesaurus
480 2479 525 2521 in
549 2496 691 2525 eorum
716 2483 870 2526 animis
898 2483 1015 2528 velut
1048 2486 1091 2528 in
1126 2485 1182 2529 sa-

140 2533 273 2575 crario
305 2547 487 2590 receptus
508 2568 520 2590 ,
563 2537 607 2580 &
640 2554 661 2580 a
696 2537 872 2584 fallaciis
905 2542 1089 2587 munitus
1123 2543 1180 2585 la-

140 2588 291 2633 tiss'ima
323 2591 497 2635 illorum
531 2593 816 2639 dominatione
857 2599 1017 2654 populis
1051 2600 1177 2644 trade-

142 2659 257 2687 retur
298 2648 495 2691 universis
512 2665 536 2709 3·
570 2652 638 2706 qui
683 2651 876 2697 civilium
915 2657 1180 2712 negotiorum

147 2703 263 2745 causa
291 2707 470 2749 Romam
497 2708 820 2763 convenientes,
852 2712 1089 2757 animorum
1125 2715 1174 2756 sa—

145 2757 278 2803 lutem
300 2764 401 2815 apud
424 2778 496 2805 nos
516 2764 816 2820 inveniebant,
836 2783 1009 2825 eamque
1026 2771 1074 2813 ad
1095 2770 1181 2815 suos

143 2817 359 2861 redeuntes
382 2820 657 2864 adducebant:
690 2824 788 2867 adeo
815 2837 859 2867 ut
882 2828 1095 2870 Romanis·
1118 2845 1179 2871 ar—

139 2873 222 2915 mis
262 2875 304 2917 8<
332 2875 483 2931 legibus
503 2881 694 2922 omnium
718 2883 924 2926 rationum
954 2900 1181 2928 conventus

144 2929 344 2975 divinitus
368 2934 551 2977 videatur
575 2936 802 2993 institutus,
843 2955 922 2994 quo
942 2974 954 2995 ‚
982 2943 1080 2985 ficut
1108 2943 1176 2985 hu-

142 3002 235 3031 mor
263 3004 285 3033 e
308 2990 441 3046 capite
466 3005 574 3036 artus
598 3009 666 3049 per
692 3011 864 3053 omnes,
890 2997 949 3043 ita
978 2999 1178 3044 Christia-

1239 1863 1311 1905 nisi
1346 1864 1488 1907 deesses
1527 1878 1571 1908 tu
1596 1897 1608 1918 ,
1640 1881 1735 1909 curn
1778 1881 1858 1920 quo
1890 1865 2032 1927 desunt
2076 1863 2255 1919 plurima
2277 1895 2287 1907 .

1239 1921 1411 1964 Etenim
1445 1937 1514 1976 per
1538 1938 1668 1966 unum
1704 1923 1923 1966 hominem
1967 1933 2178 1965 terrarum
2202 1936 2283 1964 no-

1238 1992 1336 2021 vum
1382 1979 1610 2033 Imperium
1649 2010 1661 2032 ,
1705 1980 1749 2023 &
1792 1978 2135 2023 Constantinum
2179 1978 2283 2022 alte-

1237 2049 1330 2078 rum
1387 2037 1661 2091 acciperemus
1697 2067 1710 2089 ‚
1761 2036 1789 2080 fi
1833 2036 1952 2079 nobis
2005 2034 2289 2098 complestcn-

1236 2091 1333 2134 dum
1383 2093 1495 2135 dares
1538 2106 1578 2137 te
1607 2125 1620 2147 ‚
1679 2109 1765 2136 non
1821 2093 1945 2137 modo
2004 2104 2111 2135 votis
2150 2124 2164 2146 ,
2214 2107 2289 2136 ve-

1240 2164 1329 2190 rum
1379 2149 1423 2192 &
1468 2149 1661 2205 lacrymis
1720 2151 1914 2194 omnium
1967 2149 2158 2192 nostrum
2212 2164 2285 2193 ve-

1239 2204 1453 2250 hementer
1497 2208 1734 2262 expetitum
1774 2240 1787 2261 ,
1845 2207 2058 2271 postquam
2109 2218 2180 2249 tuo
2229 2206 2278 2249 de

1236 2263 1512 2307 beneficentiae
1556 2264 1669 2308 fonte
1702 2265 1864 2309 haurire
1897 2278 2100 2327 coepimus
2130 2293 2144 2315 ,
2187 2274 2283 2306 tuo-

1234 2335 1311 2374 que
1356 2336 1523 2365 munere
1566 2322 1682 2365 sacris
1724 2323 1867 2365 nostris
1909 2321 1954 2364 in
1986 2320 2144 2383 ditione
2208 2332 2278 2363 tua

1236 2376 1370 2419 locum
1398 2410 1410 2431 ‚
1460 2379 1503 2421 ἃ
1548 2379 1623 2422 iter
1663 2379 1711 2421 ad
1754 2380 1874 2421 Sinas
1919 2378 2231 2439 impetravimus
2259 2407 2269 2419 .

1235 2434 1393 2487 Quibus
1423 2436 1549 2478 etiam
1585 2436 1705 2478 sacris
1738 2449 1781 2478 tu
1807 2436 1864 2489 fi,
1898 2437 1989 2495 Deo
2027 2445 2173 2496 coeptis
2205 2434 2275 2487 ad·-

1237 2491 1411 2545 spirante
1438 2523 1450 2546 ,
1487 2491 1702 2536 sublimem
1750 2493 1793 2534 in
1825 2491 1984 2535 excello
2028 2502 2278 2552 animo-tuo

1235 2547 1364 2591 sedem
1396 2548 1635 2604 praebueris,
1668 2548 1834 2604 qualem
1860 2547 2042 2603 sparseris
2075 2547 2268 2592 laetitiam

1233 2604 1339 2648 inter
1369 2605 1527 2649 coelites
1551 2638 1563 2659 ,
1594 2605 1663 2661 qui
1693 2605 1909 2649 vii-tutibus
1952 2604 2032 2648 tuis
2071 2602 2270 2659 plauden-

1233 2675 1324 2711 tes,
1373 2662 1416 2705 &
1448 2663 1556 2706 clam
1604 2662 1745 2705 nostris
1783 2662 1913 2706 oculis
1977 2663 2021 2706 iri
2058 2661 2276 2724 occursum

1232 2718 1551 2775 amplexumque
1613 2731 1731 2762 tuum
1785 2719 2070 2764 descendentes
2101 2749 2115 2771 ‚
2157 2718 2275 2760 flori·

1233 2775 1379 2831 busque
1431 2775 1651 2820 sternentes
1688 2777 1864 2820 humum
1914 2777 1988 2821 tibi
2033 2774 2274 2821 calcandam

1232 2832 1279 2875 ad
1332 2845 1510 2876 matrem
1563 2850 1834 2878 communem
1877 2834 2282 2896 animarquno-

1235 2905 1331 2932 vum
1380 2890 1512 2933 filium
1560 2907 1652 2934 cum
1702 2905 1763 2935 tot
1809 2908 2029 2947 regnorum
2071 2901 2275 2953 comitatu

1234 2947 1467 2990 venientem
1513 2948 1755 2992 deducerent
1777 2981 1789 2993 t
1822 2949 2094 3004 praeirentque
2129 2962 2171 3010 in
2199 2962 2274 3001 po·

1233 3004 1379 3048 stet-um
1426 3004 1607 3060 legiones
1652 3006 1884 3062 turmasque
1930 3019 2018 3050 tuas
2051 3004 2239 3049 Africam
2265 3034 2277 3056 ‚

2141 3061 2284 3103 &A-
