2451 3470
645 91 1207 148 ORATI

171 160 296 206 etiam
330 162 433 219 apud
466 163 637 219 posteros
685 167 728 208 in
763 179 874 210 tanta
910 167 1106 232 vitiorum
1142 170 1202 213 in-

170 219 297 263 famia
329 221 629 264 conservarint.
664 223 765 277 Quis
796 226 909 266 enim
932 226 1105 287 Tiberio
1130 227 1182 288 do

167 276 304 320 ftior?
349 277 452 333 Quis
493 280 662 323 Nerone
706 280 892 323 cultior?
925 283 1028 334 Quis
1049 283 1203 345 9210?

169 333 455 389 eloquentior?
490 335 594 390 Quis
636 337 884 380 Domitiano
914 337 1204 393 ingeniosior?

168 391 252 441 (¹⁶)
282 407 459 447 quorum
501 393 606 437 alter
647 395 875 447 Oratores,
915 393 1022 458 alter
1063 395 1202 458 Poetas

168 462 314 492 ornnes
342 449 419 492 aevi
452 448 508 492 sui
539 450 769 505 superavit.
804 451 920 493 Nam
949 450 1048 505 quid
1068 452 1199 515 dicam

166 503 214 547 de
247 504 396 549 horum
446 518 621 563 quatuor
645 506 693 549 ἃ
726 506 923 550 similium
961 508 1201 563 sagacitate,

171 563 506 618 magnificentia,
551 562 820 606 liberalitate?
841 563 938 607 adeo
970 578 1013 608 ut
1047 567 1197 608 Roma—

165 609 315 663 norum
350 622 623 674 Imperatores
655 619 699 662 in
732 620 956 675 priscorum
979 652 991 674 ,
1020 636 1198 684 quorum

161 677 288 720 etiarn
332 677 435 721 faeta
481 677 694 728 vicerunt,
751 679 940 719 Heroum
989 691 1196 742 virtutes,

162 732 205 775 8(
257 734 357 777 vitia
409 732 617 776 successisse
659 732 874 775 videantur
896 763 905 774 .
937 733 1049 776 Cum
1082 750 1193 778 enim

163 804 246 832 non
291 788 535 833 hereditario
576 787 700 841 jure,
752 788 814 831 sed
858 788 1069 833 voluntate
1113 791 1194 846 ple-

161 862 332 902 rumque
393 861 442 888 ac
494 856 613 887 motu
663 843 875 900 legionum
927 846 1193 892 ascenderent

158 903 206 945 ad
238 903 427 959 regimen
458 902 566 944 orbis
597 914 830 956 terrarum3
870 917 1000 966 ‚nemo
1033 915 1192 948 tantam

156 958 403 1002 ambitionis
458 958 502 1001 &
553 957 824 1002 consiliorum
855 960 1189 1026 ’immensitatem

157 1016 400 1072 concepisset
419 1047 432 1069 ,
463 1014 539 1058 niti
569 1015 765 1059 habuisset
791 1030 987 1060 animum
1017 1018 1192 1062 infinitae

155 1073 433 1117 dominationi
468 1072 702 1129 aequalem,
732 1072 904 1129 ideoque
935 1074 1188 1139 summarum

154 1131 306 1185 pariter
358 1131 560 1173 virtutum
615 1145 807 1184 capacem
860 1130 904 1173 &
954 1143 1184 1196 vitiorum.

153 1187 309 1231 Nullus
351 1203 447 1231 vero
490 1185 699 1230 maximus
727 1187 915 1249 animus,
947 1187 1018 1230 etsi
1063 1202 1185 1255 vitio-

151 1244 343 1298 sissimus,
387 1245 532 1299 absque
582 1258 718 1287 rerum
768 1256 1022 1307 optimarum
1067 1246 1184 1290 semi·

152 1303 300 1353 nibus,
343 1317 431 1357 quae
462 1302 571 1343 inter
601 1315 697 1354 opes
722 1300 770 1343 &
801 1300 975 1365 delicias·
997 1317 1183 1347 corrum-

151 1373 329 1414 puntur,
370 1372 536 1414 quaeque
577 1356 822 1420 aliquando,
868 1372 921 1419 ex
963 1359 1046 1414 ipsa
1090 1376 1183 1424 cor-

149 1416 339 1470 ruptione
392 1431 465 1470 per
506 1429 647 1468 operas
694 1427 949 1478 emicantia,
990 1417 1181 1471 perstrin-

147 1483 251 1527 gunt
293 1472 423 1515 aciem
473 1470 734 1527 popularium
778 1486 1085 1536 ingeniorum,
1113 1490 1178 1538 ar-

148 1529 269 1572 bitria
308 1544 445 1573 rerum
494 1527 767 1571 tumultuario
798 1529 1042 1593 plerumque
1073 1532 1178 1596 iudi-

143 1585 239 1639 cio,
295 1585 524 1630 inconsulta
562 1600 745 1640 caecaque
785 1585 1058 1651 admiratione
1102 1601 1172 1632 tri·

131 1637 387 1687 'buentiunh
430 1641 562 1685 Tanti
601 1657 701 1697 ergo
741 1641 790 1696 ad
824 1644 997 1697 Imperii
1027 1645 1174 1709 guber-

141 1699 339 1744 naculum
362 1733 374 1755 ‚
418 1699 531 1743 sicuti
562 1712 724 1742 mentes
752 1714 960 1763 congruas
993 1702 1173 1747 motibus

137 1757 334 1801 omnibus
377 1772 510 1801 rerum
555 1754 862 1810 humanarum,
902 1768 958 1820 ita
986 1758 1172 1816 &leges

139 1813 423 1858 universorum
466 1813 714 1870 populorum
765 1813 992 1877 rationibus·
1019 1831 1170 1861 conve-

136 1871 295 1915 nientes
325 1873 509 1929 oportuit
540 1870 754 1914 adhibere:
789 1886 877 1927 quae
907 1872 1063 1935 scilicet
1097 1890 1168 1917 na-

132 1939 233 1971 turae
275 1930 489 1972 communi
534 1927 754 1971 hominum
785 1928 1092 1984 consentirent,
1125 1933 1167 1976 ὃς

133 1984 323 2028 civilibus
365 1984 543 2042 negotiis
583 1985 827 2039 quadrarent
868 1987 1060 2030 omnium
1104 2004 1166 2033 re·
1217 1990 1469 2043 Reipublicae
1510 1997 1798 2045 constituendae
1840 2006 2101 2053 Triumviri:

132 2041 308 2095 gionum
341 2059 387 2087 ac
420 2055 678 2097 temporum.
713 2043 836 2086 Unde
868 2059 951 2107 non
985 2060 1164 2110 mirum,

129 2098 156 2141 fi
191 2099 326 2154 populi
348 2131 361 2153 ,
391 2101 488 2155 qui,
520 2099 692 2153 abrupto
725 2115 939 2143 commum
973 2101 1050 2145 hoc
1072 2118 1162 2146 vin-

126 2155 248 2209 culo,
279 2156 348 2199 fibi
383 2157 564 2211 proprios
597 2159 974 2219 Reges-crearunt,
1008 2161 1161 2223 Roma-

128 2209 200 2255 nas'
215 2225 352 2256 tamen
370 2214 544 2256 minime
567 2212 801 2257 dimiserint
822 2213 954 2270 leges,
969 2231 1019 2276 ne
1039 2230 1159 2280 amlt-

125 2281 259 2313 terent
290 2270 619 2323 humanitatem,
651 2270 693 2312 &
727 2271 882 2326 regulas
903 2274 1160 2317 rationabllis

123 2326 240 2370 vitae.
287 2329 382 2382 Quo
425 2327 556 2381 magis
598 2326 739 2370 iisdem
785 2328 974 2392 legibus,
1000 2331 1158 2385 Magne

119 2382 390 2428 Moschorum
425 2385 687 2439 Imperator,
721 2383 794 2427 tibi
828 2397 997 2448 receptis
1029 2388 1082 2429 est
1113 2405 1157 2431 o-

120 2455 192 2495 pus
213 2473 225 2494 ,
256 2458 303 2484 ac
336 2442 536 2497 pacandos
566 2456 700 2483 mores
732 2453 792 2483 tot
824 2457 870 2486 ac
897 2442 1050 2506 'talium
1085 2460 1153 2509 po-

119 2496 339 2552 pulorum,
384 2499 452 2554 qui
486 2498 510 2540 si
544 2497 645 2541 bene
679 2497 860 2542 indolem
894 2499 1061 2546 illorum
1093 2502 1149 2545 di-

117 2553 225 2608 dici,
246 2554 431 2599 scientias
462 2554 750 2610 facultatesque
783 2555 883 2599 alias
917 2570 1056 2622 pente
1077 2574 1151 2603 nu-

115 2626 188 2665 per
220 2611 287 2655 fibi
317 2612 536 2667 patefaffias
566 2611 609 2654 in
643 2612 852 2668 publicam
877 2613 926 2677 ⁶&
949 2628 1151 2681 privatam

114 2667 274 2711 fortasse
317 2670 540 2724 perniciem
572 2670 798 2724 traxerint,
844 2671 917 2714 nisi
952 2673 1149 2717 beneficm

110 2740 270 2781 quoque
314 2737 384 2769 tuo
426 2728 637 2770 Romanas
680 2727 814 2784 leges,
856 2744 945 2784 quae
993 2730 1149 2796 ree'tum

109 2782 313 2826 bonorum
368 2783 541 2827 doceant
581 2784 696 2827 usum
723 2816 737 2838 ,
778 2785 1002 2843 aliquando
1041 2804 1149 2833 acci·

107 2838 228 2894 piant
258 2871 270 2894 ,
323 2839 366 2883 8(
409 2840 735 2895 comple-&antur
775 2843 1145 2898 Jurisprudentiam

107 2896 313 2941 nostram:
347 2913 434 2954 quse
465 2898 510 2941 in
541 2896 775 2942 civitatibus
806 2914 891 2944 non
922 2917 1018 2958 opes
1051 2919 1143 2947 mo-

434 3029 917 3045 ———d·———--——

145 3066 164 3104 (
181 3065 230 3103 ⁸¹)
259 3065 318 3098 Hic
342 3076 469 3109 quoque
496 3068 583 3100 locus
609 3068 690 3100 adeo
713 3067 834 3101 emicat
850 3089 859 3105 2
887 3079 922 3102 ut
945 3072 1042 3120 nobis
1068 3084 1135 3115 par-

104 3117 177 3141 cere
211 3119 416 3151 nequeamus
448 3135 458 3153 ,
494 3114 572 3155 quin
600 3113 705 3156 ipsum
732 3121 859 3156 quoque
871 3112 1033 3158 fulgidula
1051 3119 1142 3152 stella

102 3161 272 3187 notemus-

1290 96 1748 160 oNEs.
2223 122 2289 191 33

1259 172 1308 214 do
1340 174 1473 228 regit,
1505 176 1547 219 ὃς
1580 176 1665 228 jura
1698 178 1887 236 cujusque
1918 193 2085 241 tuetur3
2120 184 2180 234 seii
2213 196 2293 238 im-

1259 244 1367 282 perat
1404 232 1570 287 singulis
1603 235 1813 279 ordinibus
1845 239 2033 295 civium,
2067 246 2109 288 ὃς
2144 251 2290 301 profes.

1259 286 1408 329 soribus
1439 288 1745 345 doctrinarum,
1794 294 1837 337 8<
1869 298 2167 349 magistratibus
2189 337 2200 357 ‚
2231 309 2289 351 af..

1256 341 1428 398 fideique
1461 346 1745 404 Principibus,
1778 349 1888 395 inter
1917 367 2016 408 quos
2037 371 2116 400 una
2137 360 2179 404 &
2200 363 2288 406 sub-

1252 396 1374 448 jeuos
1417 401 1492 444 alit
1539 407 1832 461 concordiam,
1863 409 1963 454 dum
1995 413 2130 458 officia
2160 421 2288 472 praefi-

1253 453 1341 510 nit,
1368 473 1419 500 ac
1448 459 1583 504 statuit
1615 463 1755 507 modos
1779 465 2088 522 dominiorum,
2119 474 2289 520 animis-

1250 526 1326 565 que
1359 514 1561 569 imprimit
1606 519 1648 561 &
1680 523 2026 569 commerciorum
2057 527 2178 573 fidem
2199 563 2212 586 ,
2242 534 2286 579 8<

1250 571 1533 616 contractuum
1565 576 1848 623 aueioritatem
1865 611 1878 633 ,
1911 581 1954 625 ἃ
1970 583 2284 640 magistratuum

1247 623 1594 685 iurisdietionem,
1626 633 1670 675 ὃς
1702 634 1938 692 Principum
1977 642 2176 698 praecipue
2196 661 2285 690 ma·

1245 679 1450 730 jestatem.
1485 687 1578 737 Quo
1611 688 1635 730 si
1670 690 1797 735 studio
1829 693 1998 750 ingenia
2031 709 2248 747 teneantur
2268 737 2282 758 ‚

1245 738 1286 779 &
1319 739 1427 782 inter
1459 741 1554 785 boni
1584 744 1628 787 ὃς
1661 748 1759 802 sequi
1792 750 1942 795 affiduo
1973 769 2172 812 praecepta
2193 774 2286 804 ver-

1246 794 1417 849 sentur,
1467 797 1610 845 sensim
1658 806 1854 850 amittent
1901 808 2107 858 feritatem
2147 830 2278 872 eam,

1242 865 1367 905 quam
1395 868 1419 896 e
1440 856 1622 900 moribus
1655 858 1876 908 hominum
1903 867 2017 911 nulla
2048 870 2109 914 vis
2140 873 2280 919 nullus

1240 907 1424 954 carnifex
1456 913 1699 970 excufferit3
1749 919 1821 962 nifi
1856 936 1923 975 per
1952 925 2278 982 Jurisprudenti·

1237 978 1307 1007 am
1339 967 1522 1022 cognitio
1552 969 1738 1026 juris,ac
1768 975 1926 1027 justitiae
1957 983 2152 1035 persuafio
2182 1003 2276 1033 me-

1237 1031 1328 1065 tum
1360 1038 1579 1078 poenarum
1608 1035 1892 1079 antevenerit.
1936 1039 2122 1094 Operum
2155 1046 2274 1092 enim

1239 1079 1487 1132 pravitatem
1536 1099 1668 1138 poenae
1709 1089 1899 1135 auferunt
1925 1125 1938 1148 ,
1981 1111 2066 1141 non
2111 1101 2278 1145 animo-

1236 1149 1359 1177 rum:
1392 1139 1461 1193 qui
1495 1139 1569 1183 nisi
1601 1144 1758 1189 ratione
1791 1163 2107 1210 regenerentur,
2137 1157 2275 1205 statim

1234 1193 1377 1235 noxias
1407 1195 1456 1238 ad
1486 1212 1627 1251 operas
1658 1216 1901 1260 erumpent,
1946 1212 2272 1271 quandocunque

1230 1248 1409 1293 crimina
1440 1252 1505 1296 vel
1538 1255 1667 1300 celare
1684 1257 1988 1321 fraudulenter,
2020 1268 2085 1312 vel
2112 1270 2272 1316 violen-

1232 1316 1293 1348 ter
1323 1308 1488 1352 munire
1519 1309 1710 1356 licuerit.

1288 1363 1431 1408 Tuum
1464 1381 1592 1423 vem,
1636 1370 1833 1419 PETRE
1859 1407 1872 1431 ‚
1910 1393 2084 1436 regnum
2119 1383 2268 1432 scimus

1199 1434 1351 1480 iquarn
1417 1424 1548 1466 varios
1582 1425 1859 1487 ,discordesque
1905 1451 2043 1482 mores
2084 1443 2268 1498 comple-

1199 1476 1389 1519 'etantur
1418 1479 1463 1522 in
1492 1492 1612 1525 tanto
1642 1499 1819 1532 numero
1850 1493 2098 1550 regionum,
2129 1498 2174 1541 &
2195 1515 2266 1544 vo-

1227 1531 1420 1578 lubilium
1463 1552 1513 1580 ac
1555 1539 1829 1589 seditiosarum
1872 1551 2093 1604 gentium:
2138 1570 2267 1611 quae,

1223 1602 1443 1646 antequam
1477 1593 1521 1637 in
1554 1596 1660 1642 hanc
1694 1603 1865 1657 Imperii
1896 1605 2076 1652 formam
2121 1622 2188 1655 tua
2218 1613 2265 1657 δε

1221 1647 1427 1699 majorum
1485 1663 1653 1698 tuorum
1704 1660 1915 1712 prudentia
1958 1666 2265 1724 coalescerent,

1193 1703 1258 1770 3se
1300 1705 1482 1751 invicem
1523 1709 1593 1753 diu
1635 1712 1955 1774 discerpserant‚
1990 1725 2144 1768 mutuis
2174 1727 2261 1771 cla-

1900 1777 2140 1826 dilaceratas
2160 1799 2256 1839 pro-

1193 1759 1334 1807 fdibus
1369 1764 1524 1817 prorsus
1557 1769 1772 1827 periturae3
1805 1776 1878 1819 nisi

1218 1818 1376 1862 vincias
1406 1821 1449 1864 &
1477 1825 1662 1869 membra
1680 1829 1834 1876 divulsa
1852 1834 2132 1892 collegissent,
2166 1851 2263 1885 conl

1218 1875 1367 1931 pusque
1398 1878 1444 1921 de
1477 1880 1558 1924 illis
1590 1882 1800 1942 integrum
1845 1894 2159 1948 composuissent
2189 1914 2259 1943 ar·

1214 1934 1341 1976 cessiti
1373 1949 1395 1977 e
1430 1938 1658 1995 Vareghis,
1692 1945 1795 1997 (⁴¹⁶)
1825 1949 1987 2003 populis
2017 1952 2211 1998 finitimis
2235 1986 2252 2010 ,

2147 2028 2253 2068 quo-

1214 2061 1307 2090 rum
1350 2049 1393 2091 in
1426 2052 1714 2100 auctoritatem
1745 2059 1789 2102 &
1820 2061 1942 2108 fidem
1975 2065 2087 2109 ultro
2120 2067 2156 2112 se
2188 2070 2249 2114 di-

1213 2104 1410 2148 micantes
1442 2111 1616 2165 populi,
1648 2113 1806 2160 suarum
1838 2118 1992 2165 irarum
2022 2122 2068 2165 ἃ
2101 2125 2252 2171 volun-

1212 2162 1404 2209 tariarum
1418 2165 1597 2211 cladium
1614 2172 1762 2224 pertaefi
1778 2204 1789 2226 ,
1825 2176 2074 2222 tradiderunt
2090 2196 2103 2232 3
2119 2193 2164 2225 ut
2191 2183 2251 2228 sa-

1211 2217 1367 2270 lutem,
1416 2237 1538 2278 quam
1567 2241 1592 2268 a
1626 2226 1660 2270 se
1691 2228 1875 2275 invicem
1907 2233 2127 2290 impetrare
2158 2254 2246 2284 non

1209 2288 1423 2332 poterant,
1443 2285 1471 2321 a
1488 2283 1678 2334 potestate
1693 2298 1811 2342 atque
1826 2289 1997 2335 arbitrio
2012 2293 2247 2351 acciperent

1206 2332 1368 2377 alieno.
1416 2337 1589 2382 Talium
1626 2351 1669 2385 tu
1702 2342 1966 2398 ingeniorum
2001 2349 2207 2398 fervorem
2233 2386 2248 2409 ,

1205 2402 1327 2445 atque
1358 2393 1638 2440 mobilitatem
1671 2400 1785 2444 nulla
1817 2404 1964 2448 melius
1982 2408 2252 2454 exercitatio·

1206 2461 1256 2490 ne
1288 2449 1568 2506 continueris,
1599 2470 1723 2509 quam
1755 2457 1882 2503 fludio
1914 2461 2052 2519 legum
2086 2468 2245 2511 Roma-

1204 2519 1381 2559 narum,
1429 2508 1574 2563 quibus
1615 2513 1666 2555 ab
1711 2513 1872 2570 impetu
1907 2519 2159 2566 deducentur
2190 2525 2240 2568 ad

1203 2562 1436 2617 rationem,
1474 2577 1596 2623 atque
1628 2585 1651 2612 a
1681 2570 1780 2616 rixis
1809 2574 1858 2616 ad
1888 2574 2035 2626 judicia
2065 2580 2241 2625 transfe-

1202 2631 1367 2673 rentur,
1414 2636 1502 2677 quae
1544 2624 1716 2678 majores
1758 2631 1880 2674 nostri
1912 2634 2145 2689 praeliorum
2178 2637 2240 2681 lo-

1200 2691 1249 2720 co
1302 2677 1587 2725 substituerunt
1612 2714 1626 2737 ,
1679 2698 1724 2730 ut
1776 2703 1838 2732 res
1867 2719 1881 2741 ,
1936 2706 2024 2746 quae
2074 2706 2194 2738 antea
2222 2728 2238 2749 ,

1199 2748 1284 2777 non
1338 2734 1420 2780 sine
1463 2735 1665 2795 frequenti
1708 2744 1812 2789 caede
1855 2747 2098 2806 publicoque
2141 2768 2236 2796 cum

1198 2792 1378 2847 periculo
1428 2809 1499 2850 per
1554 2798 1639 2841 vim
1687 2802 2009 2858 repetebantur,
2073 2807 2115 2849 in
2161 2825 2234 2863 po-

1196 2850 1342 2894 sterum
1375 2866 1459 2895 non
1493 2852 1538 2896 in
1570 2856 1683 2911 acie,
1718 2859 1777 2902 sed
1811 2860 1964 2914 injure
1989 2878 2114 2906 manu
2133 2880 2235 2909 con-

1194 2907 1295 2951 serta
1337 2909 1639 2965 reposcerentur
1676 2947 1691 2970 ,
1745 2931 1793 2960 ac
1829 2933 1991 3017 Iperum
2048 2920 2235 2987 praeliufn

1880 2993 1900 3020 2
2189 2994 2234 3022 m

1192 3041 1751 3059 ———-—-———
1970 3053 2235 3065 ————-

1234 3076 1312 3115 (⁰)
1342 3080 1471 3112 accolis
1489 3082 1587 3114 maris
1602 3081 1747 3117 Balthici
1763 3085 1802 3118 ad
1821 3085 1980 3119 sinistrum
1997 3088 2076 3120 litus
2094 3086 2226 3120 venien-

1189 3117 1274 3149 :ium
1297 3133 1314 3154 e
1346 3124 1449 3156 Ruffia
1469 3147 1477 3156 .
1507 3130 1571 3158 Res
1599 3127 1706 3159 seculo
1729 3130 1847 3164 octavo
1872 3150 1882 3168 ‚
1908 3130 1988 3169 vel,
2016 3140 2051 3166 ut
2076 3131 2137 3165 alii
2161 3142 2234 3165 ma-

1187 3161 1289 3206 lunt,
1317 3175 1404 3200 nono
1431 3170 1598 3212 contigisse
1626 3169 1730 3205 fertur
1753 3195 1761 3205 .
