2451 3470
510 80 897 135 LIBER
978 73 1830 149 SINGULARIS.

96 161 289 221 potestate
323 153 539 215 praeditum
571 156 851 212 magistratum
873 186 892 219 ι,
924 153 1002 198 sive
1034 154 1136 219 civi-

99 222 211 272 lem,
240 216 377 275 quales
408 225 526 257 erant
555 213 786 268 Consules,
815 228 884 276 qui
917 226 1011 254 cum
1031 228 1140 268 regia

96 278 224 323 etiam
270 273 463 331 potestate
495 273 734 315 creabantur
760 303 773 326 ‚
814 284 964 326 quippe
993 269 1064 327 qui
1096 269 1156 312 δι’

95 335 144 380 in
194 337 358 388 Regum
401 332 494 375 loco
526 328 786 374 successerant
814 358 824 369 .
869 326 992 369 Unde
1024 326 1138 370 sicuti

98 392 332 443 Consules,
360 387 417 433 ita
445 387 493 431 δι.
514 388 777 442 Imperator,
804 399 897 440 pars
910 396 1027 427 erant
1039 383 1140 426 Rei-

93 451 187 507 pub.
222 447 441 493 universae:
474 442 588 496 cujus
603 444 674 487 sub
691 443 882 498 potestate
904 441 1018 484 fimul
1044 457 1142 485 cum

92 506 238 553 ceteris
267 497 571 562 magistratibus
599 501 940 546 continebantur.
970 498 1053 550 ζ’)

287 620 330 666 C
390 620 430 664 A
490 617 525 660 P
580 618 627 660 U
683 617 732 658 T
844 615 946 658 XX.

333 737 401 781 De
431 731 674 790 legislatione
704 731 876 789 Senatus
896 758 908 770 .

225 848 435 895 Ranslatis
464 862 624 904 quoque
657 844 855 890 Comitiis
885 842 933 886 ad
966 843 1101 888 Patres
1124 874 1137 898 ‚

97 852 207 955 T
241 907 401 953 transiit
434 906 477 950 in
506 906 708 950 Senatum
737 902 802 956 jus
831 901 1136 952 condendarum
1169 939 1171 942 .

91 958 263 1022 legum,
295 965 402 1021 quod
432 963 563 1027 fuerat
593 977 718 1019 penes
745 959 947 1018 populum
967 959 1135 1003 univer-

93 1023 205 1067 sum:
240 1025 327 1077 (a)
355 1037 437 1079 quo
467 1021 512 1065 in
543 1036 627 1072 jure
660 1020 821 1063 summa
849 1017 1023 1062 vertitur
1051 1033 1136 1062 ma.

93 1079 276 1133 jestatis:
322 1095 412 1137 quae
451 1079 506 1122 ob
537 1077 781 1134 superiorem
812 1074 1019 1119 rationem
1045 1107 1060 1129 ‚
1091 1075 1136 1119 δε

97 1138 316 1183 discrimen
349 1140 542 1193 Regnum
573 1132 988 1190 inter&Imperium
1003 1148 1137 1189 neque

95 1211 120 1239 a
151 1196 302 1239 Senatu
334 1195 514 1239 abscessit
540 1225 554 1247 ‚
585 1208 716 1249 neque
745 1209 767 1236 a
800 1190 950 1248 populo
976 1222 992 1244 ‚
1021 1190 1136 1244 cujus

95 1252 237 1308 imago
249 1270 271 1296 a
290 1254 439 1296 Senatu
456 1252 691 1295 reddebatur
707 1284 719 1293 ,
734 1251 848 1293 Nam
864 1281 876 1303 ‚
907 1260 1134 1305 utcumque

90 1309 295 1366 legislatio
328 1326 422 1354 cum
455 1309 640 1364 Principe
673 1307 867 1362 ipsiusque
881 1305 1134 1356 Confistorio

89 1383 139 1412 ex
183 1369 223 1410 S.
253 1368 308 1410 C.
338 1384 361 1411 a
405 1367 520 1409 nobis
569 1377 801 1408 memorato
844 1364 1132 1408 communica-

89 1437 239 1478 retur3
270 1438 411 1467 tamen
444 1423 498 1466 ob
530 1421 764 1478 impressum
795 1421 841 1464 in
873 1422 1026 1465 animis
1057 1438 1131 1464 an-

93 1481 219 1537 tiquae
259 1481 378 1537 Reip,
423 1479 594 1525 studium
655 1491 777 1535 atque
822 1477 1066 1535 religionem
1113 1495 1125 1533 3

93 1538 332 1595 Principum
381 1537 532 1594 placita
557 1569 570 1591 ‚
599 1551 687 1594 quae
717 1537 768 1580 ab
799 1535 971 1582 universi
1004 1536 1125 1580 Sena-

83 1607 147 1640 tus
177 1595 418 1640 autPtoritate
439 1594 714 1650 procederent
748 1609 862 1638 more
894 1592 1132 1647 majorum3

86 1653 189 1711 legis
230 1653 394 1709 quidem
440 1652 644 1695 habebant
689 1650 877 1706 vigorem
917 1683 928 1705 ,
961 1651 1049 1704 [b]
1085 1664 1128 1694 ut

84 1711 396 1764 Iurisconsultus
428 1710 542 1754 docet
571 1741 586 1760 ,
638 1724 721 1752 non
755 1721 893 1751 tamen
927 1711 1127 1756 continuo

84 1785 129 1813 ac
162 1769 294 1811 statim
329 1800 341 1821 ,
377 1767 436 1811 sed
468 1767 680 1826 postquam
712 1779 897 1821 tempore
931 1765 1124 1809 invaluis-

82 1827 167 1870 sent
210 1838 329 1882 atque
363 1824 624 1869 inolevissent
654 1824 723 1868 usu
755 1823 799 1873 ἃ
832 1823 1026 1867 consensu
1063 1823 1123 1867 ci-

85 1884 258 1927 vitatis:
305 1883 372 1938 qui
417 1884 459 1926 ὅῑ
504 1882 714 1926 sententiis
766 1879 946 1933 iudicum
981 1881 1125 1924 tribuit

81 1941 175 1993 iuris
205 1940 491 1983 auC’toritatem
520 1971 529 1982 .
562 1939 618 1994 [c]
650 1938 775 1983 Unde
810 1937 1002 1990 Cujacius
1034 1938 1125 1993 [d]

79 1999 337 2051 observavit,
370 1997 561 2041 Paullum
596 2000 692 2053 saepe
715 1996 956 2051 improbasse
988 1997 1122 2040 decre-

89 2067 130 2098 ta
164 2054 428 2110 Principum,
460 2054 661 2102 scribens:
692 2052 782 2098 Nec
813 2053 969 2097 decreta
999 2054 1123 2097 Prin-

80 2114 209 2167 cipum
249 2113 314 2165 jus
346 2111 508 2166 faciunt
532 2144 546 2166 ,
570 2109 663 2166 ‚nili
702 2128 784 2167 qux
832 2111 1081 2154 invaluerint
1112 2144 1122 2156 .

80 2171 195 2212 Nvm
250 2170 354 2225 quod
395 2170 620 2227 cognoscens
659 2168 835 2213 decrevit
884 2169 1077 2226 Princeps
1108 2201 1121 2225 ‚

79 2227 162 2282 scio
194 2229 314 2284 legem
346 2224 442 2283 effe,
468 2228 541 2283 sed
571 2244 657 2271 cum
675 2229 742 2273 hoc
760 2226 870 2271 modo
896 2242 908 2281 3
932 2225 971 2281 fi
1001 2227 1121 2271 inva-

80 2422 188 2432 —n
830 2419 1120 2433 n-n--V———n—

298 2421 402 2433 ——-

123 2491 203 2533 ζ’)
228 2491 337 2525 Sumit
385 2489 448 2522 hoc
485 2488 559 2523 loco
595 2489 694 2533 Regis
729 2489 928 2524 vocabulum
973 2491 1121 2526 Gravina

79 2545 141 2579 pro
165 2537 254 2578 Rege
278 2536 452 2574 absoluto,
476 2544 552 2569 cum
576 2535 691 2569 tamen
713 2534 801 2577 apud
826 2535 910 2578 ipsos
935 2535 1038 2568 etiam
1054 2538 1116 2568 Ro-

78 2589 196 2614 manos
217 2580 284 2614 hoc
307 2581 442 2614 nomine
468 2581 570 2624 Reges
595 2579 761 2614 limitibus
800 2578 1041 2622 circumscripti
1066 2592 1119 2614 ve-

79 2627 212 2659 nirent.
238 2627 322 2659 Ecce
346 2626 434 2658 enim
460 2626 559 2666 primi
586 2631 693 2669 Reges
709 2629 937 2658 Romanorum
957 2647 966 2664 ,
996 2629 1115 2659 Romu-

74 2671 127 2704 lus
152 2671 182 2702 8<
209 2669 353 2712 reliqui,
379 2670 517 2703 minime
541 2670 686 2708 absoluti
709 2679 808 2704 erant
833 2693 846 2710 ,
884 2668 936 2702 sed
962 2669 1049 2714 teges
1073 2681 1116 2704 ex

74 2717 247 2749 voluntate
273 2715 388 2756 populi
410 2712 495 2747 ferre
518 2716 745 2759 cogebantur.
775 2713 1035 2749 confunduntur
1057 2715 1114 2749 de-

73 2759 110 2794 in
135 2760 206 2798 iura
241 2769 378 2805 quoque
416 2761 507 2802 regni
533 2759 727 2802 hereditarii
764 2771 839 2794 cum
866 2760 990 2798 juribus
1029 2762 1117 2804 regni

74 2804 216 2840 absoluti
242 2825 250 2842 ‚
281 2805 311 2836 8<
335 2804 443 2837 minus
472 2804 558 2837 recte
582 2804 765 2849 procedunt
790 2806 875 2840 binae
899 2805 1118 2847 differentiae,

75 2860 159 2893 quas
183 2848 259 2883 dein
285 2849 372 2883 inter
397 2842 547 2890 Regnum
574 2850 604 2882 ἆ
632 2851 820 2893 Imperium
844 2850 1042 2891 constituit,
1067 2851 1117 2884 ni-

72 2897 196 2928 mirum
238 2894 348 2936 primo
374 2917 384 2934 ,
424 2902 572 2932 tyranno
604 2894 642 2927 in
677 2904 779 2936 regno
802 2895 930 2934 sublato
952 2895 1027 2928 tolli
1051 2894 1114 2929 for-

72 2950 165 2973 mam
191 2938 395 2981 Reipublicae
426 2960 436 2977 ,
479 2948 544 2971 non
568 2938 645 2972 tolli
662 2961 674 2979 ‚
698 2938 720 2970 fi
744 2948 906 2980 tyrannus
932 2942 1114 2984 perimatur

73 2985 110 3018 in
137 2985 283 3027 Imperio
311 3007 322 3025 ,
347 2985 377 3016 δι
404 2993 475 3018 tum
502 2986 608 3026 Reges
631 2984 665 3015 in
692 2983 780 3025 leges
804 2984 909 3022 jurare
937 3008 949 3025 ,
973 2996 1038 3018 non
1063 2985 1112 3024 ju-

72 3041 141 3064 rare
167 3032 434 3072 Imperatorem.
457 3039 536 3061 cum
560 3036 714 3062 neutrum
744 3033 857 3071 Regno
880 3038 939 3062 aut
966 3031 1116 3072 Imperio

71 3074 244 3118 proprium
273 3075 310 3106 sit
328 3095 338 3113 ‚
365 3075 394 3107 ἃ
424 3077 577 3117 Regnum
603 3074 643 3107 ab
670 3073 818 3115 Imperio
843 3072 911 3106 solo
936 3075 1114 3108 verborum

75 3119 155 3154 sono
179 3119 274 3152 distet
289 3142 297 3150 .

112 3168 131 3206 (
149 3165 201 3204 a)
226 3164 340 3207 Sigon.
368 3165 405 3197 de
429 3163 530 3202 judic.
557 3163 615 3198 lib.
644 3174 675 3196 2.
703 3174 727 3196 c.
756 3163 806 3195 26.
835 3163 871 3196 in
891 3161 953 3204 fin.

2172 97 2239 149 19

1188 153 1332 195 luerint
1357 182 1366 192 .
1409 144 1634 211 Macrinus
1659 158 1806 211 autem
1835 145 2065 210 Imperator
2098 183 2112 208 ‚
2156 152 2241 211 [fe]

1188 208 1257 266 qui
1291 207 1444 264 peritus
1471 217 1557 250 erat
1588 212 1721 258 iuris,
1752 203 1940 259 rescripta
1966 210 2107 253 omnia
2124 227 2241 258 vete-

1190 282 1282 311 rum-
1296 263 1604 322 Imperatorum
1618 261 1762 306 tollere
1778 261 1971 323 statuerat
1983 293 1998 317 ,
2027 267 2135 320 quod
2151 285 2237 316 non

1187 324 1237 368 ab
1263 321 1455 378 universa
1485 319 1713 376 Republica
1745 318 1925 373 scilicet,
1957 319 2018 363 sed
2043 323 2094 365 ab
2110 327 2228 371 unius

1189 380 1407 425 voluntate
1448 378 1699 422 manarent.
1746 376 1928 420 Volebat
1975 390 2114 424 autem
2139 414 2153 436 ,
2186 398 2234 430 ut

1187 437 1272 491 jure
1297 469 1310 493 ‚
1361 451 1447 482 non
1479 436 1682 492 rescriptis
1714 446 1901 490 ageretur
1935 450 1945 477 :
1980 434 2095 491 nefas
2123 438 2196 496 effe
2225 473 2242 498 ‚

1187 497 1327 540 dicens
1354 526 1367 549 ‚
1397 495 1498 551 leges
1529 494 1664 542 videri
1693 492 1936 547 Commodi,
1966 493 2024 538 (9·
2041 493 2242 543 Caracal-

1187 555 1257 609 lae,
1287 552 1342 596 (θ’
1362 553 1565 600 hominum
1591 552 1858 611 imperitorum
1872 551 2124 598 voluntates.
2156 554 2235 612 [⁴¹⁵]

1367 669 1410 712 C
1473 670 1514 712 A
1575 669 1608 714 P
1666 669 1713 713 U
1770 668 1819 711 T
1932 671 2059 715 XXI.

1330 784 1399 829 De
1429 783 1790 841 constitutionibus
1821 784 2058 843 Principum
2076 818 2086 830 .

1208 942 1211 945 .
1299 900 1601 949 ommunicata
1633 901 1837 949 nimirum
1866 900 2048 959 populi,
2080 919 2127 949 ac
2157 905 2235 950 Se-

1318 971 1437 1009 natus
1468 975 1567 1004 cum
1588 960 1804 1017 Principe,
1834 976 1921 1005 non
1937 963 2093 1006 veroin
2108 962 2232 1007 Prin-

1184 1013 1319 1079 cipem
1351 1016 1551 1067 translata
1581 1018 1765 1063 universa
1796 1019 1995 1077 potestate
2018 1051 2033 1074 ,
2062 1020 2170 1075 leges
2201 1036 2227 1065 a

1185 1071 1374 1137 Principe
1414 1075 1507 1122 latae
1532 1107 1547 1130 ‚
1589 1075 1669 1120 five
1700 1076 2013 1123 constitutiones
2040 1108 2054 1132 ,
2086 1092 2171 1121 non
2204 1077 2230 1122 ‘a

1184 1129 1372 1189 Principe
1407 1144 1605 1189 tanquam
1637 1150 1688 1179 ex
1723 1134 1856 1192 Regia
1885 1133 2053 1192 persona
2088 1135 2227 1191 prodi-

1183 1188 1310 1244 bant,
1351 1190 1413 1235 sed
1461 1203 1659 1247 tanquam
1689 1192 1741 1235 ab
1770 1192 1938 1237 oraculo
1968 1191 2227 1248 Reipublicae

1180 1259 1301 1303 atque
1330 1247 1452 1303 ipsius
1482 1263 1581 1294 voce
1611 1249 1813 1305 Senatu&
1845 1265 1969 1307 quem
2000 1261 2224 1308 antequam

1179 1306 1402 1368 quidquam
1445 1306 1489 1350 in
1523 1319 1763 1365 perpetuum
1784 1339 1800 1362 ‚
1832 1323 1880 1352 ac
1908 1323 1981 1364 pro
2013 1308 2223 1352 universa-

1181 1360 1210 1404 li
1244 1361 1330 1418 lege
1363 1363 1552 1408 statueret
1571 1397 1585 1419 ‚
1615 1365 1806 1411 oratione
1819 1364 2082 1419 consulebat,
2113 1367 2218 1420 apud

1182 1419 1317 1463 Patres
1338 1419 1478 1464 habita
1505 1454 1517 1476 ‚
1551 1422 1690 1466 eadem
1708 1423 1899 1478 ratione,
1931 1438 2010 1479 qua
2027 1423 2225 1479 populum

1181 1476 1418 1525 universum
1452 1481 1620 1535 rogabat
1653 1480 1807 1524 laturus
1842 1481 1975 1536 legem
2011 1478 2226 1535 Tribunus

1180 1533 1309 1589 plebis
1353 1567 1367 1589 ,
1416 1536 1527 1588 cujus
1579 1539 1818 1592 potestatem
1877 1539 1945 1581 sibi
1998 1536 2231 1588 adjunetam

1183 1593 1391 1648 Principes
1423 1595 1600 1651 roganda
1637 1596 1725 1652 lege
1756 1612 1842 1643 non
1876 1596 1978 1652 apud
2004 1595 2231 1651 populum,

1182 1662 1225 1691 ut
1256 1651 1473 1706 Tribunus
1506 1654 1720 1699 exercebat
1749 1686 1762 1708 ‚
1807 1654 1867 1697 sed
1917 1654 2019 1710 apud
2057 1655 2191 1698 Patres
2216 1687 2230 1708 ‚

1178 1707 1247 1763 qui
1293 1707 1378 1760 jura
1420 1710 1564 1754 omnia
1609 1710 1750 1768 populi
1785 1744 1798 1765 ,
1828 1712 1869 1755 &
1907 1712 2227 1766 Rernpublicam

1180 1765 1412 1812 retinebant
1448 1768 1677 1812 universam
1705 1800 1715 1811 .
1748 1769 2221 1821 Cuiusmodiconstitu-

1177 1821 1311 1886 tiones
1343 1856 1355 1878 ,
1386 1841 1560 1882 quarum
1595 1824 1793 1871 habemus
1828 1827 1942 1883 plura
1977 1826 2140 1881 vestigia
2175 1827 2219 1871 in

1177 1880 1291 1924 libris
1341 1882 1634 1927 pandectarum
1668 1916 1680 1938 ‚
1730 1884 1810 1937 [f]
1855 1886 1982 1940 figura
2029 1883 2072 1926 &
2107 1900 2218 1930 more

1175 1939 1278 1994 apud
1321 1940 1519 1984 Senatum
1564 1941 1741 1985 conditae
1774 1943 1986 1988 vetustatis
2017 1941 2222 1987 imitatio·

1175 2011 1224 2040 ne
1274 1997 1509 2053 migrabant
1558 1999 1602 2043 in
1655 1999 1789 2055 Iegem
1821 2031 1834 2053 ,
1884 2000 1965 2044 sive
2013 1999 2056 2042 in
2088 2000 2128 2042 S.
2161 2003 2214 2046 C.

1173 2052 1215 2097 in
1262 2055 1369 2111 quod
1411 2055 1553 2111 populi
1599 2055 1754 2107 juribus
1802 2057 2009 2102 translatis
2057 2057 2104 2100 ad
2140 2058 2212 2102 Pa-

1173 2122 1252 2154 tres
1278 2144 1290 2165 ‚
1339 2113 1544 2157 transsusae
1588 2113 1753 2172 fuerunt
1804 2115 1910 2159 vires
1958 2116 2089 2172 legis:
2128 2132 2217 2172 quae

1169 2181 1289 2212 antea
1335 2169 1500 2216 Patrum
1549 2170 1829 2226 austoritate,
1871 2189 1918 2217 ac
1963 2173 2101 2230 populi
2137 2174 2216 2217 suf-

1171 2225 1312 2283 fragiis
1344 2258 1356 2281 ,
1388 2228 1623 2285 magistratu
1655 2242 1823 2330 rogitate
1846 2262 1858 2284 ‚
1905 2231 2210 2333 condebangir.

1854 2303 1878 2330 2
2159 2294 2218 2334 A-

1815 2424 2029 2436 *nna-.-

1213 2490 1299 2532 (b)
1324 2493 1347 2524 1.
1379 2502 1405 2524 1.
1430 2491 1470 2538 ff.
1497 2492 1535 2525 de
1559 2493 1683 2536 constit.
1709 2494 1849 2539 princip.

1189 2565 1191 2568 .
1214 2537 1293 2577 (c)
1318 2539 1342 2569 l·
1362 2537 1393 2577 st
1416 2540 1454 2571 de
1478 2540 1686 2582 interpretat.
1710 2539 1750 2585 ff
1775 2541 1814 2573 de
1838 2538 1965 2583 legibus
1981 2562 1991 2572 .
2012 2540 2014 2547 ¹

1214 2582 1290 2623 qd)
1317 2580 1372 2613 lib.
1405 2593 1445 2623 29
1480 2595 1532 2625 qu.
1563 2586 1676 2629 Papin.
1707 2589 1731 2620 Ι.
1759 2586 1795 2618 ln
1817 2588 1939 2619 ration.
1970 2595 2015 2618 11·
2053 2585 2082 2626 §·
2110 2582 2215 2626 quaefi‘

1168 2636 1237 2659 xum
1262 2625 1298 2670 ff
1324 2627 1368 2659 ad
1391 2630 1413 2659 Ι.
1443 2629 1569 2663 Falcid.

1211 2674 1259 2710 (e
1276 2673 1295 2710 )
1318 2673 1496 2714 Capitolin.
1524 2677 1561 2708 in
1586 2677 1729 2710 Macrin.
1755 2682 1824 2720 cap.
1852 2684 1903 2714 13·

1210 2717 1300 2757 (⁴⁸⁴²)
1326 2717 1507 2760 Legislatio
1541 2730 1674 2764 quoque
1699 2724 1837 2755 Senatus
1877 2719 1981 2765 magis
2005 2719 2041 2753 in
2065 2719 2209 2763 speciem

1165 2762 1296 2795 valebat
1319 2772 1421 2805 quarn
1445 2774 1479 2797 re
1503 2786 1512 2796 .
1554 2765 1591 2802 ld
1628 2767 1722 2800 enim
1761 2767 1904 2810 agebant
1944 2765 2115 2809 Principes
2139 2787 2150 2804 ‚
2174 2772 2210 2796 ut

1163 2816 1240 2839 cum
1265 2817 1383 2850 paucos
1400 2805 1528 2841 facinus
1541 2810 1579 2843 in
1595 2812 1753 2854 potestate
1766 2812 1911 2845 retinere
1920 2810 2055 2852 poffent
2072 2833 2084 2851 ‚
2109 2818 2209 2851 quam

1163 2852 1300 2893 plures,
1338 2853 1494 2894 populum
1533 2864 1593 2896 per
1628 2857 1786 2893 Senatum
1810 2855 1937 2899 legibus
1961 2855 2212 2896 obstringeret',

1164 2897 1248 2930 unde
1273 2897 1558 2931 Senatusconsutia
1580 2900 1622 2933 ad
1646 2902 1826 2939 Orationes
1851 2900 2041 2942 Principum
2068 2897 2203 2931 fiebant.

1164 2941 1442 2976 Invalescentibus
1477 2945 1778 2981 Constitutionibus
1803 2946 2022 2989 Principum,
2048 2947 2205 2977 Senatus-

1160 2987 1308 3020 consulta
1351 2997 1482 3030 qnoque
1521 2988 1593 3022 fieri
1632 2990 1796 3024 desierunt
1813 3013 1826 3030 ‚
1851 2991 1957 3028 donec
1982 2993 2048 3022 Leo
2073 2988 2107 3020 in
2132 2989 2201 3020 No-

1161 3035 1249 3065 vella
1269 3034 1331 3072 sua
1357 3034 1412 3071 78.
1441 3034 1576 3067 Senatui
1598 3045 1733 3073 omnem
1760 3036 1895 3079 penitus
1919 3036 2112 3079 potestatem
2125 3032 2196 3064 adi-

1161 3085 1292 3163 maest)-
1333 3093 1370 3155 L:
1397 3122 1478 3154 irem
1503 3121 1647 3159 veniunt
1669 3125 1696 3167 §-
1715 3126 1823 3169 pridie
1843 3125 1883 3169 ff]
1909 3126 1946 3159 de
1958 3123 2054 3168 puis.
2072 3120 2206 3155 heredis.

1161 3166 1186 3197 L
1215 3167 1367 3200 Oratione
1386 3165 1427 3209 ff
1454 3168 1496 3199 de
1521 3171 1593 3202 ritu
1614 3179 1710 3214 nupt.
1736 3169 1776 3202 Θ·
1798 3171 1896 3203 alibi.
