2451 3470
675 92 1779 178 oRATroNEs.

2166 141 2268 195 ‘1⁴21-

129 205 180 249 ab
228 218 276 246 eo
319 197 486 256 profeeti
529 197 666 252 procul
712 197 917 241 solverunt
960 214 982 240 a
1015 211 1169 251 portu,
1220 196 1327 250 leges
1383 196 1496 259 ipsas·
1534 194 1755 252 aliquando
1811 195 2041 261 involvant·
2069 202 2218 254 'potius
2244 235 2258 255 ‚

131 262 174 305 &
205 262 257 304 ab
285 272 426 301 earum
459 255 673 309 conspe&u
707 255 867 310 longius
900 254 1170 297 recesserunt.
1220 268 1341 308 quarn
1357 254 1606 307 expediant,
1639 252 1935 296 &Accutsium
1960 257 2263 313 saepius‚qua1n

128 319 233 362 Sunt
265 328 405 358 autem
438 313 523 356 duae
555 313 830 367 interpretum
864 311 998 354 classes
1023 341 1035 362 ‚
1087 326 1172 366 quae

128 375 266 418 verbis
316 374 451 426 legum
503 369 665 424 propius
708 369 905 416 insistunt⁴
931 400 943 421 ‚
993 367 1172 423 vulgaris

130 433 258 475 altera
285 462 297 484 ,
343 430 383 471 in
418 443 496 484 qua
530 428 716 480 princeps
748 425 961 468 Accursius
990 440 1002 477 3
1045 427 1172 488 altera

130 488 311 532 selectim
339 518 352 537 ‚
383 485 425 528 &
456 483 650 527 eruditior
681 482 724 525 in
756 498 834 538 qua
867 495 1050 535 ternpore
1082 497 1170 538 qui-

129 547 220 589 dem
253 545 296 587 &
329 540 582 585 inventionis
615 539 728 582 laude
761 540 915 593 primas
945 551 1079 594 ageret
1099 538 1171 581 Al-

130 604 285 655 ciatus·,
319 599 392 642 nisi
427 598 556 654 postea
586 596 780 639 omnium
804 627 817 649 ‚
849 609 1049 652 quotquot
1082 595 1168 638 fue-

131 672 259 713 runt,
290 671 358 702 aut
392 655 548 698 fortaffe
581 653 704 696 futuri
742 653 857 706 sunt,
891 653 1051 695 laudem
1084 653 1170 694 Cu-

130 717 260 769 jacius
309 712 493 757 anteisset
533 741 542 751 .
586 710 810 764 Utriusque
855 722 995 751 tamen
1046 708 1173 752 classis

132 773 336 830 principes
367 780 528 823 oportet
559 767 606 808 ad
638 781 810 808 examen
845 765 1170 828 legumadhibe-

133 847 203 875 re.
238 825 450 871 Aecurfius
481 822 593 866 enim
628 838 722 864 cum
757 822 862 864 socio
897 824 1079 864 Viviano
1095 838 1170 864 mi-

132 904 175 931 ra
219 883 415 928 facilitate
462 880 555 922 fani
604 878 773 932 speciem
807 879 1019 932 tyronibus
1050 894 1174 934 expo-

131 955 264 995 nunt,
295 940 338 983 δι
371 938 482 981 viam
513 935 762 979 doE'tioribus
792 935 967 978 feliciter
986 937 1169 979 sternunt

127 1001 174 1045 ad
208 999 342 1041 forum
367 1028 379 1050 ‚
410 993 658 1052 quotidianis
688 992 1032 1047 quaestionibus&
1052 994 1167 1036 rebus

129 1053 430 1113 proponendis,
461 1064 579 1107 atque
609 1050 851 1093 traehndis:
886 1050 1085 1102 Cujacius
1102 1066 1171 1094 ve-

129 1131 176 1158 ro
219 1111 495 1155 abstrusiorem
549 1108 792 1150 sententiam
825 1108 972 1163 retegit
1006 1107 1175 1163 legum,

128 1171 173 1214 &
203 1186 223 1213 e
258 1169 419 1211 latebris
447 1165 545 1215 juris
576 1164 734 1220 antiqui
769 1177 952 1208 mentem
978 1166 1083 1208 eruit
1104 1167 1172 1216 Ju-

130 1226 495 1275 risconsultorum3
532 1233 574 1265 ut
606 1222 829 1276 receptiora
848 1222 1011 1278 quidem
1027 1224 1076 1265 ab
1093 1226 1173 1266 Ac-

137 1283 330 1328 cursianis
358 1298 368 1334 3
399 1298 421 1324 a
451 1279 687 1330 Cujacianis
720 1292 860 1321 tamen
896 1280 1050 1322 veriora
1083 1296 1174 1335 pro-

133 1354 302 1384 mantur
335 1371 345 1381 .
381 1339 475 1380 Ideo
504 1338 635 1379 neutri
669 1336 959 1391 negligentur,
993 1337 1089 1392 quia
1114 1336 1174 1379 illi

132 1398 247 1441 usum
275 1428 288 1450 ‚
320 1395 380 1439 isti
413 1394 623 1437 scientiam
658 1394 839 1447 praestant
875 1426 888 1448 ‚
921 1410 998 1449 qua
1031 1410 1104 1449 pro
1136 1410 1176 1436 re

130 1468 254 1505 nata,
288 1453 351 1496 vel
383 1451 648 1494 confirmatur
679 1450 794 1502 usus,
827 1452 894 1494 ubi
928 1467 1022 1494 curn
1051 1452 1172 1494 ratio-

132 1527 184 1555 ne
215 1510 435 1554 conveniat
455 1539 467 1560 ,
501 1507 592 1559 vel,
626 1506 652 1549 fi
684 1507 893 1550 deflexerit
924 1525 946 1550 a
981 1509 1136 1551 ratione
1164 1541 1176 1562 ,

131 1567 375 1623 corrigitur:
411 1565 484 1607 nisi
498 1565 700 1607 obstiterit
720 1564 950 1619 ignorantia
969 1565 1148 1616 judicum
1167 1598 1176 1619 ,

130 1626 200 1682 qui
232 1637 375 1668 contra
406 1622 620 1674 Justiniani
657 1635 899 1677 praeceptum
920 1656 930 1674 ,
965 1625 1056 1675 (a)
1091 1624 1175 1666 imo

130 1684 175 1727 δι
204 1695 348 1725 contra
379 1679 493 1723 rePtae
525 1679 694 1722 rationis
726 1694 914 1722 normam
935 1713 947 1732 ,
982 1682 1058 1724 hoc
1077 1696 1174 1735 prae-

135 1742 252 1796 cipue
284 1752 466 1793 tempore
499 1752 582 1779 non
617 1736 774 1792 legibus
804 1737 936 1780 causas
950 1738 1176 1791 definiunt,

133 1798 195 1841 sed
225 1794 455 1850 exemplis,
486 1810 583 1851 quas
614 1789 836 1854 decisiones
867 1809 1046 1849 vocant3
1078 1812 1176 1853 qua·

136 1870 228 1899 rum
272 1852 518 1907 inauspicata
550 1851 767 1906 volumina
801 1855 1033 1896 Romanam
1066 1853 1177 1906 juris·

139 1911 396 1967 prudentiam
442 1910 484 1952 in
516 1912 709 1952 Romano
744 1911 825 1953 solo
856 1912 902 1953 ad
937 1924 1178 1968 perpetuum

137 1968 266 2012 aetatis
298 1968 437 2010 nostrae
451 1968 616 2011 dedecus
629 1967 882 2011 obruerunt.
915 1970 1027 2012 Cum
1041 1983 1178 2013 autem

141 2038 224 2069 tam
268 2024 436 2068 eruditis
466 2024 514 2067 ad
544 2024 802 2080 antiquitatis
834 2025 1075 2071 interiorem
1107 2043 1179 2070 no-

139 2083 305 2135 titiam,
337 2097 459 2138 quam
493 2081 714 2125 forenfibus
743 2083 790 2125 ad
825 2083 1051 2136 pleniorem
1067 2084 1180 2136 juris-

141 2140 364 2197 prudentiae
413 2139 696 2193 cognitionem
730 2139 986 2184 utilissimum
1025 2142 1070 2184 fit
1099 2142 1180 2184 ori-

139 2195 253 2253 gines
284 2195 472 2250 evolvere
491 2227 504 2248 ,
536 2212 581 2239 ac
613 2195 880 2240 fundamenta
894 2199 1078 2254 detegere
1097 2201 1178 2241 Ro-

138 2255 253 2297 mani
286 2253 416 2305 juris3
449 2254 601 2296 neutris
633 2266 783 2296 tamen·
803 2255 856 2297 ob
886 2255 1177 2299 obscuritatem

137 2311 182 2355 δε
215 2312 455 2354 varietatem
488 2325 649 2362 rerum,
684 2322 745 2353 tot
777 2312 1057 2356 voluminibus
1074 2314 1178 2356 diffi-

139 2381 325 2425 patarum
362 2399 374 2420 ‚
408 2380 523 2410 vacet
553 2383 598 2410 ea
629 2369 676 2410 de
708 2367 950 2419 Cujacianis
982 2370 1182 2425 interpre-

138 2427 249 2469 tibus
279 2425 445 2477 efferre3
477 2425 603 2467 tribus
637 2441 709 2467 nos
747 2425 882 2478 libris,
916 2443 1016 2482 quos
1039 2427 1181 2472 deori-

142 2484 306 2539 ginibus
340 2481 593 2536 scripsimus,
623 2497 687 2525 eas
718 2484 922 2537 complexi
948 2484 1106 2538 sumus,
1139 2497 1182 2529 ut

143 2539 368 2596 legentium
400 2539 529 2583 oculis
561 2539 871 2595 jurisprudentia
905 2540 1085 2585 seleeflior
1119 2542 1182 2586 in-

143 2610 254 2652 tegre
286 2609 404 2652 atque
435 2596 575 2640 ordine
605 2597 672 2640 suo
699 2597 950 2648 subjiciatur.
984 2600 1181 2644 Nostrum

141 2655 256 2698 enim
290 2653 504 2696 consilium
538 2652 616 2696 fuit
646 2686 658 2707 ,
692 2668 736 2697 ut
769 2688 781 2708 ,
813 2656 884 2712 qui
915 2657 1182 2708 Jiistinianeas

141 2710 419 2755 institutiones
467 2711 606 2765 primo
636 2727 685 2754 ex
720 2712 884 2756 Perezio
911 2745 923 2767 ‚
972 2715 1100 2769 postea
1133 2731 1184 2758 ex

145 2767 295 2812 Vinnii
329 2767 462 2820 notis,
494 2767 537 2810 ὃς
558 2770 867 2814 commentariis
901 2772 1018 2823 probe
1034 2771 1181 2815 callue-

144 2826 228 2879 rit,
261 2825 374 2868 libris
406 2824 548 2867 nostris
562 2817 799 2869 adhibendis
819 2844 886 2881 per
900 2826 1182 2872 feracissimam

147 2883 409 2936 Digestorum
454 2881 594 2924 silvam
623 2883 850 2936 expeditius
881 2885 1183 2941 progrediatur.

142 2939 382 2984 Accurfiani
416 2955 537 2992 vero,
569 2954 743 2994 quorum
762 2940 958 2994 primores
973 2941 1185 2993 Bartolus‚

143 2996 316 3049 Eamus,
358 2996 503 3049 Jason‚
538 2995 783 3048 Castrensis,
819 2997 1051 3042 Alexander
1075 3031 1088 3054 ,
1118 3000 1186 3043 etsi

254 3055 358 3108 Jani
387 3055 601 3097 Gravinae.
633 3055 750 3095 Tom.
783 3055 839 3096 II.

1223 310 1329 364 leges
1376 312 1737 364 interpretentur3
1785 311 1829 353 in
1874 311 2090 354 traetandis
2122 328 2264 359 tamen

1223 366 1441 409 forensibus
1472 368 1754 422 quaestionibus
1785 368 1883 411 adeo
1917 368 2076 423 pollent
2102 401 2113 422 ,
2147 384 2190 414 ut
2217 373 2264 415 iis

1226 437 1341 466 cerate
1375 424 1506 467 nostra
1540 425 1657 468 simul
1689 441 1784 469 curn
1818 426 2010 470 Accursio
2034 427 2268 477 &ipsismet

1224 480 1383 535 legibus
1412 481 1498 524 alto
1530 483 1697 537 pulvere
1729 482 1894 538 mersis,
1923 483 1967 527 δε
1999 485 2052 527 ab
2076 484 2272 540 ignoran-

1227 538 1282 579 tia
1327 539 1582 582 conculcatis
1623 539 1772 591 justitia
1803 540 1956 584 exsulet
1991 557 2013 584 a
2044 541 2133 585 foro
2166 575 2178 596 ,
2224 544 2268 587 8(

1227 594 1520 638 causidicorum
1553 596 1777 653 loquacitas
1806 629 1818 651 ‚
1850 610 1896 641 ac
1933 598 2057 642 libido
2089 599 2270 650 judican-

1223 651 1327 693 tium
1375 653 1417 694 in
1463 651 1607 697 alienis
1641 654 1901 709 patrimoniis
1934 656 2102 712 impune
2135 659 2272 701 domi-

1223 720 1369 749 netur.
1402 709 1562 759 Judices
1593 713 1706 755 enim
1737 712 1872 767 olim,
1905 713 1929 756 si
1963 730 2043 757 non
2078 716 2185 760 ratio
2208 716 2266 759 le·

1221 779 1318 819 gum
1340 796 1353 817 ,
1385 767 1564 810 Accurfii
1597 781 1765 822 tamen,
1799 787 1844 813 ac
1859 771 2152 828 Bartolidigna
2176 773 2268 818 sane

1222 821 1415 876 obsequio
1446 822 1685 868 refraenabat
1715 826 1962 882 auE‘toritas‚
1994 843 2114 886 atque
2146 829 2269 882 adju-

1222 877 1336 920 stitiae
1370 878 1525 924 sensum
1544 914 1558 935 ,
1590 882 1616 925 s1
1649 899 1732 926 non
1747 886 1909 941 propria
1930 886 2125 940 scientia,
2151 903 2269 932 mens

1224 934 1365 979 saltem
1399 940 1616 982 revocabat
1647 940 1807 985 aliena.
1839 945 2015 998 Oportet
2046 944 2191 999 enim,
2223 956 2270 989 ut

1223 991 1379 1047 legibus
1412 1010 1536 1049 quam
1568 997 1744 1052 plurima
1778 1001 2101 1056 concludantur,
2132 1001 2177 1045 δε
2206 1002 2271 1046 af-

1224 1048 1466 1094 fectionibus
1498 1053 1719 1098 hominum
1751 1056 2002 1114 arbitrioque
2035 1060 2272 1104 viventium

1222 1123 1347 1162 quam
1378 1109 1604 1154 minimum
1639 1114 1925 1166 permittatur:
1960 1115 2132 1160 ferinam
2151 1118 2267 1162 enim

1225 1178 1412 1207 naturam
1444 1167 1632 1211 continet
1664 1170 1850 1224 affeRi03
1883 1172 1947 1215 lex
1980 1187 2116 1217 autem
2144 1189 2265 1229 utpo-

1224 1234 1261 1264 te
1294 1222 1399 1264 ratio
1432 1239 1529 1278 pura
1567 1256 1580 1277 ‚
1611 1225 1838 1270 affeffionis
1868 1230 1921 1271 est
1953 1245 2094 1286 expers
2124 1264 2137 1285 ,
2169 1248 2272 1275 con-

1224 1279 1413 1335 tinetque
1447 1282 1738 1326 tantummodo
1769 1285 1957 1329 divinum
1984 1319 1994 1330 .
2045 1290 2172 1332 Nunc
2203 1305 2273 1333 ve-

1225 1352 1270 1378 ro
1302 1367 1314 1389 ‚
1349 1336 1466 1390 pulsis
1497 1340 1690 1384 omnibus
1725 1341 2111 1392 Jurisconsultorum
2146 1345 2270 1388 fami-

1225 1393 1291 1435 liis
1317 1425 1329 1446 ‚
1379 1394 1455 1442 siue
1487 1395 1724 1445 Cujacianis
1757 1428 1768 1451 ,
1800 1398 1877 1443 sive
1913 1401 2197 1456 Accurs'ianis,
2228 1403 2273 1446 δε

1230 1450 1477 1503 Bartolinis‚
1512 1466 1674 1496 tantum
1714 1453 1910 1499 librorum
1948 1458 2108 1501 suorum
2143 1475 2270 1503 vene-

1229 1508 1289 1550 nis
1320 1508 1522 1552 exsultant
1552 1511 1595 1552 in
1629 1510 1717 1554 foro
1750 1513 1983 1557 rabularum
2012 1516 2132 1559 duces
2152 1548 2164 1571 ‚
2196 1517 2267 1573 qui

1226 1566 1378 1608 mortui
1406 1597 1417 1618 ‚
1463 1583 1557 1610 cum
1589 1569 1812 1625 obstrepere
1843 1571 2033 1615 desierint
2065 1604 2077 1626 ,
2129 1586 2270 1616 tamen

1226 1623 1416 1665 amentiae
1460 1625 1534 1667 suae
1567 1625 1743 1681 segetem
1777 1627 1892 1670 nobis
1923 1628 1967 1672 in
2002 1645 2144 1673 eorum
2178 1631 2273 1673 scri·

1229 1682 1306 1735 ptis
1349 1680 1644 1737 reliquerunt3
1686 1682 1835 1740 quique
1863 1717 1876 1738 ,
1920 1686 1948 1728 si
1993 1687 2083 1731 Diis
2113 1687 2274 1743 placet,

1229 1737 1446 1781 ratiocinio
1480 1739 1513 1782 se
1547 1740 1728 1794 praestare
1757 1742 1993 1796 gloriantur
2024 1776 2036 1796 ,
2084 1758 2129 1787 ut
2166 1745 2238 1787 suae
2266 1777 2278 1799 ‚

1227 1811 1273 1838 ac
1329 1795 1619 1851 discipulorum
1675 1799 1859 1842 avaritiae
1916 1800 2130 1845 velificent
2166 1833 2178 1855 ‚
2237 1803 2282 1845 ὃς

1230 1867 1444 1910 propterea
1488 1855 1634 1909 probro
1680 1855 1749 1898 fibi
1795 1856 1950 1900 ducunt
1999 1858 2176 1902 aliorum
2208 1875 2280 1902 au-

1227 1910 1406 1955 S‘toritati
1455 1927 1592 1967 parere
1625 1945 1639 1967 ,
1683 1915 1916 1958 Charondae
1956 1915 2158 1959 nimirum
2202 1916 2274 1971 qui

1230 1969 1304 2011 sint
1331 2001 1344 2023 ,
1385 1969 1428 2012 &
1461 1970 1648 2013 Platones
1675 2003 1688 2023 ‚
1732 1984 1803 2015 aut
1834 1974 2012 2029 Lycurgi
2038 2006 2053 2028 ,
2084 1973 2127 2016 &
2158 1973 2277 2016 Solo-

1230 2042 1297 2069 nes
1339 2027 1386 2068 ad
1429 2026 1613 2078 dandas,
1655 2028 1698 2071 &
1749 2029 2013 2073 inveniendas
2040 2063 2053 2084 ,
2102 2046 2186 2073 non
2226 2030 2276 2073 ad

1227 2083 1482 2138 accipiendas
1517 2116 1528 2137 ,
1581 2084 1624 2127 δε
1681 2086 2001 2140 interpretandas
2045 2088 2150 2144 leges
2206 2093 2276 2131 ac-

1227 2154 1435 2184 currentes
1466 2172 1476 2182 .
1521 2143 1708 2196 Quorum
1771 2143 1938 2186 stultitia
1963 2176 1976 2197 ,
2019 2144 2062 2188 ὃς
2095 2143 2273 2188 aliorum

1228 2198 1391 2252 ignavia
1445 2199 1624 2252 evenit,
1674 2212 1720 2242 ut
1761 2231 1772 2252 ‚
1813 2200 2008 2256 quidquid
2057 2201 2161 2246 olim
2205 2218 2273 2244 ca-

1229 2256 1307 2310 ptis
1348 2255 1534 2309 auspiciis
1575 2287 1588 2308 ‚
1637 2256 1831 2300 consultis
1877 2257 2139 2302 Pontificibus
2164 2289 2178 2311 ‚
2210 2274 2274 2302 re-

1231 2313 1384 2356 ferente
1415 2312 1596 2355 Consule
1623 2344 1635 2365 ,
1681 2327 1749 2358 aut
1779 2314 1997 2368 Tribuno,
2031 2316 2073 2358 in
2105 2315 2278 2370 conspe·
2331 2344 2344 2355 ψ

1227 2371 1294 2414 &u
1360 2369 1499 2424 populi
1554 2372 1736 2414 Romani
1784 2404 1795 2426 ‚
1853 2371 2023 2416 vocatis·
2057 2373 2315 2426 comitiis,'

1230 2427 1313 2482 post
1349 2426 1544 2470 suasiones
1574 2444 1621 2470 ac
1652 2428 1905 2473 diffuafiones
1936 2444 2144 2474 oratorum
2176 2462 2188 2484 ,
2231 2446 2279 2473 ac

1229 2486 1466 2528 diuturnam
1517 2484 1560 2526 δζ
1594 2500 1802 2529 maturam
1836 2487 1991 2531 civium
2022 2488 2281 2531 deliberatio-

1237 2558 1334 2585 nem
1383 2542 1634 2585 statuendum
1670 2543 1800 2587 fuerat
1825 2575 1838 2597 ‚
1886 2560 1996 2588 nunc
2027 2561 2048 2588 a
2081 2545 2284 2589 somnicu-

1234 2599 1315 2642 loso
1345 2632 1358 2654 ‚
1400 2612 1471 2642 aut
1514 2599 1676 2643 madido
1708 2599 1847 2657 aliquo
1878 2600 1954 2645 fori
1988 2603 2171 2657 operario
2194 2634 2206 2655 ‚
2236 2602 2281 2645 &

1234 2656 1416 2700 vulturio
1471 2669 1610 2711 togato
1647 2689 1659 2711 ‚
1709 2674 1858 2714 nempe
1900 2676 1922 2702 a
1974 2660 2282 2718 Ridolphinista

1234 2714 1381 2769 quovis
1408 2745 1420 2767 ,
1452 2714 1520 2768 qui
1555 2729 1638 2756 non
1672 2715 1799 2759 alium
1833 2717 2069 2772 magistrum
2090 2749 2103 2770 ,
2136 2731 2278 2772 praeter

1235 2771 1404 2814 scribam
1438 2770 1480 2812 δι
1512 2771 1779 2817 tabellionem
1811 2773 2000 2829 agnoscat
2033 2806 2045 2828 ‚
2074 2790 2142 2828 per
2171 2774 2278 2815 sum-

1236 2844 1346 2871 mam
1402 2827 1679 2872 temeritatem
1735 2831 1779 2873 &
1823 2831 2120 2886 impudentiam
2167 2831 2277 2873 cala-

1237 2886 1295 2928 mi
1328 2885 1448 2928 duRu
1483 2885 1742 2929 decernatur.
1780 2887 1870 2939 Jam
1905 2889 2017 2931 enim
2051 2899 2144 2930 ante
2178 2885 2279 2930 salu·

1242 2943 1461 2986 berrimam
1495 2941 1747 2997 privatarum
1784 2941 2009 2987 scholarum
2037 2944 2280 3000 prohibitio-

1239 3015 1334 3043 nem
1365 2998 1495 3042 exorti
1510 3014 1658 3054 erant,
1691 3001 2272 3057 quiRidolphino‚tanquam

2158 3057 2277 3110 justi-

146 3153 1189 3165 —,.-——-—-——---—-—--—-——-——————
1241 3154 2275 3173 —-—--——————.q-—-————-———-——--·v⁰-·-—.

203 3183 264 3224 (a)
287 3184 428 3224 Lanemo
442 3185 476 3214 C.
496 3182 533 3215 de
545 3182 630 3224 sent.
657 3181 696 3214 (3·
721 3182 930 3217 ἱητενίοτιυαν
946 3205 954 3216 .
975 3184 1138 3225 Judt'cum
1159 3205 1166 3215 .
