2451 3470
501 108 883 161 LIBER

963 102 1791 160 SINGULARIS.

2151 123 2212 161 11

84 197 179 235 eum
211 181 332 235 verba
362 179 536 223 dixerit:
571 183 807 225 Commendo
841 183 919 223 tibi
943 183 1119 236 provim
1172 180 1218 222 de
1237 180 1350 222 rebus
1363 177 1558 222 omnibus
1574 175 2141 224 referreininfinitumeeurn
2159 181 2213 233 id,

83 240 191 292 cias,
213 238 252 294 fi
281 238 381 295 quid
424 239 523 281 mihi
547 236 677 292 finale
709 239 939 295 contigerit.

293 353 337 397 C
395 353 439 398 A
497 353 528 395 P
586 353 632 395 U
690 354 739 396 Τ
850 352 930 397 ΧΙ.

384 469 452 512 De
479 468 503 522 j
512 483 577 511 ure
609 464 828 521 referendi.

88 585 233 685 AD
281 583 430 627 horum
481 581 790 645 magistratuum
822 580 1121 637 plenitudinem

220 642 390 685 Senatus
427 639 643 690 adjiciebat
677 640 998 694 Imperatoribus
1031 653 1121 680 mu·
1155 655 1157 657 ·

86 713 185 742 nera
217 698 397 755 quaedam
425 695 651 740 consularia
671 728 682 749 ,
714 712 801 751 quae
825 696 976 739 scilicet
997 697 1123 738 etiam

84 757 248 811 quando
280 752 479 797 Consules
510 768 592 799 non
624 766 859 796 crearentur
886 785 900 806 ,
933 767 1124 795 commu-

86 828 155 855 nia
201 827 295 855 curn
339 809 520 852 Consule
571 810 774 853 habebant
808 812 1157 873 Imperatores,

85 884 170 912 non
202 868 284 919 jure
317 866 483 922 quidem
517 866 583 910 suo
604 900 617 920 ‚
650 867 709 910 sed
741 882 791 911 ex
826 866 1016 910 facultate
1049 878 1125 909 tri-

84 927 203 974 buta.
239 926 376 980 anue
411 923 500 966 sunt
533 924 701 977 potestas
733 924 1126 975 habendiSenatus,

84 983 127 1028 δι
156 980 514 1030 Senatusconfulta-
545 979 747 1035 faciendi,
778 982 822 1025 3<
853 981 901 1024 ad
923 983 1122 1024 Senatum

85 1038 282 1089 referendi
318 1038 435 1081 semel
464 1070 477 1090 ,
509 1052 578 1081 aut
608 1038 671 1082 bis
694 1070 707 1091 ‚
738 1051 808 1082 aut
840 1052 933 1092 ter,
965 1039 1042 1081 five
1077 1039 1122 1081 de

84 1112 194 1150 una,
225 1097 409 1148 duobus,
439 1096 614 1139 tribusve
645 1099 787 1140 rebus:
824 1098 931 1152 quod
962 1096 1020 1146 jus
1043 1096 1125 1151 pri-

85 1169 195 1205 mae,
231 1154 430 1206 secundae,
464 1154 618 1208 tertiae,
653 1167 829 1209 quartae,
854 1154 1007 1209 quinta:
1022 1153 1122 1196 rela-

88 1211 214 1254 tionis
263 1211 540 1266 appellabatur
573 1227 584 1264 3
618 1227 714 1254 nam
759 1212 869 1254 hune
902 1211 1014 1266 supra
1049 1227 1120 1253 nu-

84 1284 246 1312 merum
293 1267 521 1311 conceffiun
580 1284 663 1311 non
708 1269 917 1312 invenitur
944 1299 954 1309 .
1002 1269 1121 1322 Quod

88 1325 180 1369 satis
211 1325 342 1381 arguit
369 1357 381 1377 ,
411 1341 533 1380 qnam
568 1325 706 1380 procul
737 1326 867 1368 abiret
900 1326 948 1368 ab
982 1327 1123 1381 Impe-

87 1382 240 1427 ratorio
275 1397 440 1424 munere
477 1384 644 1437 poteslas
678 1385 785 1437 regia
818 1383 1018 1439 illa,quae
1033 1383 1118 1436 pul-

87 1442 135 1485 fis
165 1439 429 1495 Tarquiniis,
465 1439 630 1495 singulis
662 1439 1121 1495 anfflsperpopuliCo-

85 1497 203 1545 mitia
235 1495 517 1540 conferebatur
548 1498 591 1540 in
623 1497 849 1550 Consules,
883 1498 925 1540 in
949 1496 1120 1552 quosju-

84 1571 126 1599 re
158 1553 416 1611 magistratus
451 1555 671 1597 transibant
702 1553 987 1608 munera'ista,
1019 1558 1119 1610 quo-

84 1627 177 1657 rum
212 1614 444 1666 Imperator
473 1612 645 1655 Senatus
673 1613 925 1655 concessione
943 1613 1119 1664 potieba-

85 1682 175 1714 tur:
209 1669 306 1712 adeo
320 1680 363 1711 ut
379 1685 463 1712 non
477 1670 822 1726 quemadmodum
836 1670 1035 1712 Consules
1048 1670 1118 1712 sta-

85 1728 164 1773 tim
189 1726 270 1782 post
293 1726 445 1770 initum
481 1728 786 1783 magistratum,
818 1726 1121 1784 autaliquando

86 1786 170 1842 post
202 1785 379 1841 ipsorum
394 1784 746 1840 defignatione1n3
779 1786 837 1828 ted
853 1785 1007 1840 posijus
1023 1784 1118 1828 refe-

87 1842 202 1887 rendi
233 1841 292 1886 eis
323 1859 345 1885 a
368 1842 518 1885 Senatu
540 1842 729 1886 oblatum
761 1842 931 1885 totidem
948 1843 1122 1886 derebus

87 1900 332 1949 ⁴relationem
367 1898 497 1943 facere
529 1900 995 1956 poffentzlmperatores,
1024 1913 1124 1956 quot

88 1958 248 2003 ferreta
269 1958 422 2000 ‘Senatu
452 1959 606 2001 tributa
620 1957 816 2001 facultas:
847 1972 1122 2014 quaenoneo-

89 2016 182 2060 dem
230 2015 383 2070 semper
424 2031 598 2060 numero
642 2017 691 2059 ad
732 2030 799 2058 eos
831 2015 1124 2071 perveniebat.

83 2075 210 2126 Augu
223 2071 299 2115 stus
328 2072 471 2132 enim,
501 2074 660 2130 quoties
688 2074 860 2117 Senatus
873 2088 1122 2117 convocare-

84 2140 151 2174 tur
177 2161 191 2183 ,
239 2128 303 2179 jus
332 2130 506 2174 habebat
537 2132 658 2175 unius
686 2142 850 2174 tantum
886 2130 1126 2185 relationi-s,

85 2198 132 2233 ut
160 2185 282 2230 refert
315 2190 429 2230 Dion
455 2219 469 2240 ‚
496 2188 561 2242 [a]
591 2187 706 2242 cujus
735 2189 936 2233 sincerum
968 2188 1122 2234 sensum

86 2261 114 2290 a
126 2242 331 2289 Xilandro
351 2246 724 2300 eversum‚optime
737 2246 1124 2292 reddidit-Cafaubo·

85 2316 190 2354 nus,
222 2300 284 2355 [b]
299 2302 356 2355 [²⁶]
390 2303 459 2357 qui
493 2302 631 2346 locum
662 2303 813 2346 Dionis
837 2304 957 2348 illum
983 2304 1039 2347 ita
1066 2319 1129 2347 re-

85 2358 246 2402 stituit:
299 2357 369 2398 καὶ
403 2361 657 2411 χρηματίξειν
697 2363 798 2403 aun-cb
840 2363 922 2410 rrep'i
965 2359 1035 2400 ἐνὸς
1063 2360 1131 2400 ὃτι-ε

82 2415 128 2455 εἰν
159 2412 315 2457 ἐθελήσει,
342 2415 430 2454 κατ’
460 2414 592 2457 ἑκάς-ην
620 2413 762 2461 βαλήν.
791 2416 859 2456 κᾶν
871 2415 922 2467 μή
938 2411 1131 2459 ὑπατέυση

88 2469 217 2513 Esaiae.
233 2471 288 2512 Et
300 2468 524 2524 eipermifit
546 2480 716 2524 (nempe
740 2470 925 2528 Augusto
941 2471 1133 2523 Senatus)

87 2526 135 2570 de
148 2542 228 2569 una
243 2543 279 2569 re
290 2542 577 2582 quamcumque
588 2526 782 2584 voluiffet,
797 2530 952 2584 quoties
962 2529 1133 2572 Senatus

85 2581 304 2636 haberetur,
317 2584 542 2628 relationem
548 2584 886 2641 facere,quamvis
897 2586 1047 2641 Consul
1059 2604 1135 2631 non

89 2636 202 2695 effer.
236 2642 464 2704 Xilander,
489 2643 676 2699 negleeb
709 2643 809 2699 ἑνός,
834 2660 918 2689 non
933 2646 1014 2689 fine
1030 2644 1136 2689 sum-

87 2712 164 2740 mo
196 2698 371 2761 crimine
388 2731 403 2752 ,
433 2713 610 2744 verterat
634 2733 647 2756 ,
675 2703 725 2745 de
740 2703 1040 2759 quibuscunque
1051 2704 1136 2747 vel-

89 2754 173 2810 let,
200 2753 310 2811 quasi
338 2754 512 2802 liberum
535 2759 719 2816 Augusto
748 2761 1028 2817 perSenatum
1042 2761 1137 2807 esset

83 2910 420 2929 -Μ

92 2970 96 2976 ›
133 2949 156 2988 (
179 2951 232 2990 α)
255 2951 313 2985 tib.
342 2963 393 2993 53.
416 2955 452 2987 in
471 2953 535 2996 fia.
560 2962 592 2997 p.
619 2959 693 2997 5¹⁶·

135 2993 157 3034 (
175 2996 231 3038 b)
257 2999 293 3030 in
316 3000 455 3032 Svuon.
481 2997 540 3032 tib.
571 3010 601 3032 ι.
627 3008 696 3043 cap.
723 3011 776 3034 20.

134 3040 221 3081 ζ’)
246 3044 295 3075 Ex
321 3041 509 3077 Casauboni
536 3042 695 3079 sententia
720 3047 861 3080 Dionem
888 3048 1133 3091 interpretatur

93 3082 274 3120 Gutherius
296 3086 336 3120 de
363 3086 428 3132 Off
456 3090 541 3122 dom·
573 3094 660 3134 Aug·
684 3091 747 3123 tib.
777 3102 802 3124 ι.
831 3101 899 3134 cap.
923 3103 981 3132 41.
1008 3093 1134 3126 Casan·

86 3125 187 3162 ‚bono
209 3130 395 3166 illaudato.
421 3133 483 3168 Sed
505 3144 662 3179 poterant
686 3134 756 3169 hec
778 3135 891 3170 eadem
908 3138 1017 3171 'etiam
1032 3137 1139 3180 pluri-

95 3171 159 3208 bus
181 3177 218 3214 in
227 3185 377 3214 mentem
396 3180 531 3215 venire.
662 3179 742 3221 (c)
768 3180 924 3226 Vopiscus
949 3183 986 3217 in
1010 3182 1124 3219 Probo,

1178 248 1320 290 utpote·
1348 235 1478 290 portio
1494 235 1695 289 potestatis
1718 233 1955 280 Consularis
1980 251 2125 292 nempe
2152 255 2213 282 re-

1172 294 1247 348 giae
1261 324 1279 346 ,⁴
1300 307 1503 348 perquam
1520 307 1638 345 parce
1652 293 1925 338 tribuerentur
1941 293 2209 346 Imperatori-

1175 352 1271 401 bus,
1304 352 1410 392 inter
1446 363 1547 405 quos
1578 349 1731 392 Probus
1753 351 1834 401 (c)
1870 347 1930 400 ius
1961 349 2089 397 tertiae
2115 350 2214 395 rela-

1177 407 1302 450 tionis
1344 407 1540 468 accepit,
1586 406 1781 449 Pertinax
1813 419 1992 462 quartae,
2022 407 2113 462 (d)
2145 409 2213 453 M.

1116 484 1118 486 ·
1176 463 1421 508 Antoninus
1452 474 1604 519 quintae
1629 494 1639 507 .
1670 464 1757 517 (e)-

1359 579 1406 621 C
1462 578 1503 621 A
1561 577 1598 621 P
1655 579 1701 622 U
1760 578 1806 621 T
1921 580 2029 625 XII.

1333 665 1400 708 De
1430 663 1581 708 Patris
1607 665 1756 708 Patriae
1784 665 2068 724 appellatione.

1306 752 1394 794 UO
1425 763 1564 796 autern
1582 750 1870 796 admoneretur
1888 755 2148 808 Imperator,
2175 753 2228 799 -set

1322 809 1576 866 Reipublicae
1607 809 1721 853 causa
1752 810 1980 866 imperare,
2012 826 2096 854 non
2127 811 2220 866 sua,

1176 870 1352 911 eundem
1383 866 1585 910 honorem
1617 865 1771 911 ferebat.
1799 884 1822 910 a
1854 869 2004 912 Senatu
2030 900 2043 922 ,
2093 883 2220 924 quem

1174 923 1238 964 M.
1265 922 1436 968 Tullius
1460 923 1720 968 conservator
1744 924 1854 968 urbis
1883 937 2092 980 acceperat
2119 942 2141 969 a
2163 927 2218 981 Q.

1176 981 1330 1026 Catulo
1348 1014 1361 1035 ‚
1385 983 1543 1037 'nempe
1566 981 1694 1025 Patris
1715 982 1856 1026 Patriae
1869 982 2219 1038 appellationem:

1175 1053 1253 1094 qua
1287 1039 1466 1095 Principi
1486 1038 1655 1094 populus
1668 1054 1753 1082 non
1770 1041 2002 1084 tradebatur
2015 1053 2217 1096 tanquam

1177 1094 1219 1138 in
1257 1098 1431 1152 patriam
1464 1097 1705 1152 potestatem
1736 1112 1748 1149 3
1782 1098 1844 1141 sed
1875 1111 2071 1154 tanquam
2101 1096 2218 1141 liberi

1176 1168 1356 1208 paternae
1378 1153 1685 1198 baenevol’entiae
1716 1170 1765 1197 ac
1793 1155 2071 1199 beneficentiae
2101 1171 2218 1198 com-

1173 1213 1483 1255 mendabatur:
1517 1223 1561 1254 ut
1596 1213 1871 1265 Imperatores
1901 1212 2066 1268 quidem
2098 1213 2219 1255 bene-

1181 1268 1294 1312 faffls
1335 1284 1478 1313 eorum
1513 1285 1535 1311 a
1566 1268 1724 1324 populo
1755 1282 1970 1322 parentum
2004 1269 2216 1313 censeren-

1172 1338 1238 1369 tur
1269 1326 1386 1380 loco,
1419 1326 1591 1380 populus
1622 1339 1717 1368 vero
1741 1325 1908 1370 illorum
1924 1340 2121 1382 tanquam
2139 1342 2210 1380 pa-

1174 1397 1337 1427 rentum
1361 1383 1504 1435 officiis
1532 1384 1579 1426 &
1609 1381 1813 1427 laboribus
1835 1383 2038 1428 frueretur
2073 1415 2083 1426 .
2119 1385 2214 1439 Quo

1174 1441 1282 1484 sensu
1298 1440 1500 1484 istitutum
1517 1440 1624 1484 hunc
1638 1440 1838 1485 honorem
1854 1441 1988 1494 fuisse,
2018 1456 2112 1485 cum
2131 1441 2215 1496 pri-

1175 1514 1289 1541 mum
1323 1497 1435 1550 Julio
1467 1498 1641 1551 Caesari,
1672 1494 1731 1551 (f)
1761 1498 1902 1542 deinde
1936 1500 2121 1554 Augusto
2147 1499 2216 1543 ἀει

1172 1555 1370 1608 ferretur,
1405 1555 1542 1598 scribit
1577 1555 1720 1610 Dion,
1751 1569 1957 1611 utcunque
1975 1555 2217 1601 huiceidem

1174 1614 1321 1656 hono-ri
1356 1612 1611 1668 sequentium
1644 1625 1879 1670 temporum
1913 1612 2093 1657 adulatio
2123 1612 2221 1663 iuris

1175 1671 1291 1725 patrii
1319 1670 1475 1727 aliquid
1506 1669 1724 1715 indiderit:
1758 1671 1865 1728 quod
1897 1670 2030 1715 forsan
2062 1671 2105 1713 in
2120 1671 2216 1712 hor-

1172 1728 1294 1770 tando
1342 1742 1465 1785 atque
1510 1728 1769 1772 admonendo
1802 1729 2029 1782 ponebatur
2064 1760 2072 1770 .
2103 1727 2217 1771 Hinc

1175 1783 1396 1838 Tiberius,
1431 1784 1509 1828 five
1542 1785 1601 1828 uti
1636 1785 1838 1829 modestiae
1868 1784 2079 1828 simulator
2110 1783 2224 1828 calli-

1172 1842 1380 1896 dissimus,
1411 1840 1543 1898 qualis
1574 1858 1596 1885 a
1628 1843 1780 1887 Tacito
1813 1843 1855 1885 in
1888 1843 2060 1886 deterius
2081 1844 2226 1885 omnia

1173 1900 1372 1955 Principis
1403 1900 1513 1943 illius
1544 1899 1731 1944 trahente
1759 1899 1994 1956 perhibetur
2013 1932 2025 1952 ‚
2057 1899 2134 1942 five
2151 1915 2220 1953 po-

1173 1957 1353 2012 testatis,
1385 1972 1509 2014 quam
1544 1956 1761 2001 illustrium
1794 1958 2015 2000 nominum
2029 1963 2223 2012 appeten-

1175 2015 1287 2069 tior,
1317 2027 1642 2070 cognomentum
1676 2014 1755 2059 hoc
1785 2027 1983 2070 tanquam
2015 2014 2221 2057 inutiliter

1176 2072 1428 2116 invidiosum
1462 2071 1610 2127 refugit
1637 2103 1649 2115 .
1679 2070 1885 2115 Adrianus
1916 2073 1998 2127 (g)
2030 2071 2181 2114 distulit
2206 2101 2221 2123 ‚

1177 2130 1409 2186 Augustum
1434 2128 1648 2183 imitatus,
1679 2145 1794 2186 aquo
1810 2129 1891 2173 sero
1904 2141 2116 2184 acceptum
2135 2143 2222 2171 rne-

1175 2188 1360 2232 morabat
1379 2203 1389 2228 t
1416 2186 1670 2230 tribuebatur
1683 2187 1797 2230 enim
1812 2218 1824 2239 ,
1840 2198 1883 2229 ut
1898 2187 2110 2241 Appianus
2125 2185 2221 2228 scri-

1177 2246 1262 2299 bit,
1292 2259 1376 2287 non
1390 2245 1439 2287 ad
1455 2242 1819 2299 amplificationem
1839 2244 2068 2299 potestatis,
2101 2243 2161 2286 sed
2174 2242 2223 2285 ad

1179 2301 1407 2360 perfeRum
1437 2300 1723 2346 testimonium
1747 2300 1909 2358 egregie
1939 2315 2186 2346 meritorum
2211 2330 2224 2341 .

1344 2416 1397 2474 vc
1455 2417 1496 2460 A
1543 2394 1590 2460 ‘P
1648 2417 1694 2459 U
1755 2417 1852 2459 ΤΔ
1914 2418 2048 2462 xm.

1293 2503 1367 2559 ‘De
1389 2504 1422 2546 S
1422 2503 1597 2552 matoria
1625 2504 1877 2561 Imperatoris
1883 2504 2084 2560 dignitate
2097 2533 2109 2545 .

1285 2592 1469 2634 Raeterea
1512 2603 1558 2635 ut
1600 2591 1802 2647 Princeps·
1824 2591 2025 2646 potiretur
2054 2589 2228 2632 Senatus

1300 2645 1480 2701 juribus,
1510 2648 1556 2693 ἃ
1585 2648 1675 2701 ejus
1699 2647 2123 2699 ordinismajestatem
2141 2659 2229 2688 tue-

1184 2717 1323 2758 retur,
1355 2705 1461 2749 unde
1484 2705 1530 2750 &
1559 2705 1640 2762 ipse
1667 2706 1835 2751 ducere-t
1859 2706 1973 2749 :sua-m
1997 2704 2054 2756 313
2072 2716 2228 2748 creatus

1189 2766 1420 2819 Imperator
1449 2765 1773 2811 anteaSenator
1789 2760 2022 2807 non-fuitret
2039 2792 2055 2814 ,
2084 2760 2131 2804 ad
2146 2762 2226 2802 im-

1774 2822 1812 2863 Β
1870 2835 1897 2864 2
2157 2832 2226 2872 pe·

633 2921 1032 2939 -t-——u———n———uq
1037 2924 1142 2934 ———-
1191 2918 1511 2937 ——uh
1471 2920 1477 2925 “
1511 2919 2231 2940 *w

1232 2963 1252 3002 ζ
1267 2962 1289 2994 d
1305 2962 1324 3001 )
1346 2960 1526 3003 Capitolin.
1553 2963 1591 2995 in
1617 2961 1787 2996 Pertinace
1803 2984 1815 2995 .

1232 3008 1279 3046 (e
1297 3007 1316 3046 >
1341 3005 1426 3038 idem
1451 3006 1487 3038 in
1515 3008 1568 3039 M.
1595 3008 1770 3048 Antonin.

1233 3053 1252 3090 (
1266 3051 1316 3094 f)
1354 3054 1492 3084 Sveton.
1521 3052 1579 3095 jn·
1595 3046 1682 3093 Iul-⁷
1718 3051 1794 3094 02ss
1820 3062 1846 3087 c.
1869 3053 1923 3095 76.
1949 3049 1987 3085 ὄπ
2004 3046 2103 3090 'Aulo
2128 3054 2155 3079 c·
2182 3042 2237 3083 58⁹

1190 3094 1277 3128 Dion
1304 3095 1360 3129 tib.
1388 3105 1442 3135 44.
1469 3103 1501 3138 p·
1533 3105 1610 3137 242.

1236 3141 1322 3184 (g)
1347 3139 1405 3175 lib.
1428 3149 1478 3190 ⁵3:
1496 3144 1582 3188 pag.
1611 3148 1686 3180 509.
1745 3145 1747 3147 ’
1899 3183 1904 3186 ¹

1237 3184 1267 3224 ’ζ
1283 3185 1334 3227 b)
1360 3186 1576 3229 Spartiana'n
1598 3185 1744 3222 Adrian.
1768 3190 1803 3228 p·
1832 3192 1887 3224 ¹7·
