2451 3470
462 106 850 212 ‚Ju'izis
931 95 1869 185 RE'c'E'P'TiOit'is⁹

118 203 158 266 fa
196 203 493 249 numerationis
536 207 769 249 institutum
802 237 812 247 .
857 202 1078 247 prodibunt
1109 218 1148 245 e-

107 275 208 303 -nim
240 262 472 325 tot-gradus
494 294 506 315 ‚
555 277 653 319 quot
683 262 967 319 generationes
994 291 1007 314 ,
1039 255 1150 311 indes

118 331 197 372 que
244 331 514 383 eveniet-,tut
548 320 710 377 riusllum
745 320 924 373 primum
957 315 1152 372 gradum,

119 389 169 418 ex
214 374 320 424 Juris
362 377 516 419 Civilis
562 377 850 420 numeratione
886 406 900 429 ,
954 376 996 417 in
1047 373 1154 417 linea

119 430 340 475 transversa
383 434 707 489 cognoscamus.
758 432 869 489 Quia
912 431 1051 473 fratres
1093 429 1153 471 in·

118 501 180 531 ter
213 488 247 532 se
280 504 350 554 per
383 490 611 544 semetipsos
633 506 714 534 non
731 488 1064 545 conjunguntur,
1098 484 1157 529 sed

118 559 191 600 per
224 546 401 611 mediam
435 549 645 604 personam
680 547 832 600 Patris,
864 546 930 602 qui
964 545 1017 589 est
1044 559 1158 589 com-

119 617 260 646 munis
291 603 429 659 stipes.
465 605 640 659 Ideoque
674 605 816 649 fratres
850 604 955 649 inter
986 603 1021 646 se
1045 601 1158 643 dista-

122 658 226 703 bunt
266 661 393 716 gradu
425 661 638 715 secund03
681 663 773 717 quia
817 662 866 703 ab
909 676 992 703 uno
1024 660 1161 701 Fratre

121 717 169 759 ad
214 733 480 782 communem
516 720 698 763 Fratrem
731 720 783 762 est
815 718 894 760 alia
925 714 1162 772 generatio.

120 774 249 816 Unde
290 791 383 830 quia
427 775 570 818 fratres
621 776 709 819 sunt
752 776 838 817 duae
882 772 1165 828 generationes

124 831 297 874 secundo
327 833 450 895 gradu
485 833 594 874 inter
627 833 661 875 se
678 831 986 885 conjunguntur
1008 861 1018 873 .
1051 829 1164 870 Idem

124 889 368 951 numerandi
399 887 499 930 ordo
532 888 768 942 producitur
798 889 845 930 ad
863 888 1019 931 lineam
1040 884 1166 928 trans-

126 943 284 987 versam
316 943 560 1008 inaequalem
583 976 592 988 .
626 946 750 989 Unde
784 944 810 987 fi
843 944 936 990 scire
958 944 1168 998 cupiamus

125 1012 253 1056 quoto
284 1001 408 1065 gradu
438 1001 554 1046 distet
586 1002 698 1054 Seius
717 1019 741 1046 a
762 1003 908 1044 Patruo
925 1001 990 1045 suo
1009 1031 1021 1051 ‚
1055 1014 1170 1042 nem·

127 1073 179 1120 pe
210 1074 234 1101 a
265 1058 395 1101 Patris
414 1057 565 1113 fratre,
599 1061 808 1116 capiemus
821 1055 1166 1102 communemsti-

128 1127 259 1170 pitem
294 1115 536 1180 Ayumk&
566 1116 816 1162 ascendendo
845 1133 866 1159 a
899 1115 990 1167 Seio
1021 1115 1070 1158 ad
1102 1114 1170 1156 Pa-

130 1183 238 1236 trem
279 1172 361 1216 Seii
409 1174 561 1226 Caium
589 1207 601 1229 ‚
642 1174 686 1217 &
717 1191 740 1218 a
769 1172 875 1225 Caio
905 1173 954 1216 ad
984 1173 1171 1227 Sempro—

131 1244 251 1272 nium
297 1232 436 1274 Avum
472 1263 484 1284 ‚
527 1231 788 1276 inveniemus
819 1233 916 1275 duas
946 1228 1175 1284 generatio-

133 1301 229 1350 neS‚
260 1286 536 1351 descendendo
568 1289 651 1344 post
683 1305 704 1331 a
735 1288 814 1331 Seii
847 1293 944 1331 Avo
974 1287 1021 1330 ad
1042 1288 1177 1329 Hora·

133 1354 242 1386 tium
274 1344 354 1409 Seii
390 1346 584 1388 Patruum
617 1346 712 1388 Caii
746 1347 928 1389 Fratrem
959 1376 970 1397 ,
1015 1341 1172 1386 inveni-

134 1415 229 1466 mus
259 1402 384 1444 aliam
416 1402 757 1466 generationem,
787 1402 884 1461 quia
917 1398 1181 1446 Horatiusest

136 1458 266 1520 Filius
296 1460 556 1509 Sempronii.
591 1460 717 1504 Unde
747 1463 841 1525 quia
876 1460 1134 1502 numerando
1161 1472 1183 1499 a

138 1514 232 1578 Seio
273 1515 322 1558 ad
370 1516 594 1561 Horatium
629 1517 866 1561 invenimus
897 1532 980 1560 tres
1012 1529 1183 1573 genera-

137 1582 271 1615 tiones
307 1605 320 1628 ,
364 1575 640 1639 comperimus
682 1574 820 1626 Seium
865 1590 961 1618 cum
1007 1571 1186 1618 Horatio

138 1628 292 1692 Patruo
325 1641 448 1674 tertio
478 1633 605 1686 gradu
636 1632 711 1676 effe
741 1631 1035 1683 conjunistum:
1072 1629 1187 1674 &ita

139 1684 328 1742 deinceps
360 1687 667 1753 sive-inferius,
702 1689 781 1733 sive
816 1688 992 1744 superius
1024 1702 1184 1744 percur-

139 1758 308 1808 ramus?
339 1760 388 1788 ex
422 1745 484 1788 his
516 1746 765 1802 intelligitur
797 1747 967 1802 gradum
999 1745 1075 1789 esse
1098 1761 1186 1800 par-

68 1841 81 1851 „
141 1811 228 1865 tem
277 1799 396 1845 lineae
421 1833 434 1856 ,
479 1815 692 1859 tamquam
727 1804 875 1859 punffta
909 1835 922 1857 ,
965 1818 1013 1846 ex
1045 1803 1190 1861 quibus

143 1857 255 1901 linea
286 1858 469 1923 cons-lan
501 1859 655 1905 lineam
687 1875 787 1904 vero
815 1861 889 1904 effe
905 1860 1188 1916 pluriumgra-

145 1915 272 1978 duum
319 1916 460 1962 seriem
490 1949 502 1970 ‚
545 1918 858 1974 cognationem
910 1933 1004 1961 vero
1037 1933 1190 1961 nexum

148 1971 355 2038 linearum
383 2005 392 2016 .
437 1975 722 2019 Affinitas--est
754 1974 991 2027 conjunffio
1022 1976 1190 2018 duarum

147 2030 466 2094 (Jognationum
483 2047 551 2095 pei·
564 2032 754 2087 copulam
771 2065 782 2084 ‚
818 2048 1012 2088 perquam
1024 2034 1191 2088 Cogna-

149 2098 184 2129 ti
226 2087 399 2130 duorum
432 2089 672 2144 Coniugum
706 2091 813 2132 inter
846 2090 878 2133 se
914 2091 1069 2132 Affines
1101 2106 1194 2132 eva-

149 2143 254 2189 dunt
296 2144 339 2188 &
370 2144 629 2202 appellantur
658 2177 669 2190 .
718 2148 870 2192 Cetera
901 2162 949 2191 ex
982 2148 1148 2192 Textu.

402 2302 413 2404 1
641 2284 757 2326 Avus
982 2293 991 2401 Ι

553 2340 819 2396 Sempronius
834 2372 843 2383 .
880 2348 882 2350 '

294 2520 581 2683 l‘¹¹2·
817 2507 1106 2669 [ιι

358 2624 474 2674 Pater
519 2629 528 2678 l
905 2622 1106 2669 Patruusl

336 2682 538 2786 Ceut-l
858 2682 1077 2768 ἓ-..ε

308 2910 316 2958 i
358 2801 484 2974 filiu<
520 2908 529 3012 Ι

309 2962 530 3067 licie,

2123 135 2151 171 2
2163 133 2237 184 29

1372 258 1440 304 De
1463 250 1691 310 succeffiom:
1721 249 2033 303 descendentium
2048 281 2060 293 .

1319 370 1427 414 Iberi
1468 384 1612 412 omnes
1642 399 1654 420 ,
1705 364 1782 408 sive
1815 364 1857 407 in
1891 363 2080 417 potestate
2107 394 2119 415 ,
2150 362 2228 405 sive

1230 484 1236 491 ι
1336 427 1584 481 emancipati
1624 456 1636 475 ,
1688 423 1763 465 five
1807 420 1971 477 primi,
2014 419 2091 462 sive
2137 418 2239 461 ulte-

1209 486 1324 528 rioris
1347 517 1359 539 ‚
1402 484 1479 528 sive
1532 482 1658 526 virilis
1685 512 1696 533 ‚
1741 479 1818 522 sive
1850 477 2068 520 Muliebris
2103 476 2241 528 sexus,

1209 555 1278 586 aut
1318 557 1368 587 ex
1410 539 1559 592 virili,
1604 538 1666 582 vel
1713 535 1903 579 muliebri
1951 533 2043 577 sexu
2075 532 2245 575 venien-

1210 611 1304 652 tes,
1353 598 1431 643 sive
1476 598 1652 652 prioris,
1699 594 1776 637 sive
1826 591 2053 649 posterioris
2095 589 2249 632 Matri-

1213 657 1342 701 monii
1369 689 1381 711 ,
1427 655 1505 702 five
1535 652 1737 697 naturales
1767 651 1810 695 δε
1842 647 2046 705 legitimi,
2086 646 2252 690 iim-na-

1213 717 1361 759 turales
1386 727 1547 756 tantum
1565 743 1577 764 ‚
1602 711 1644 754 «St
1671 709 1799 765 postea
1826 706 2143 763 persubsequens
2161 705 2253 748 Ma-

1215 772 1459 818 trimonium
1483 768 1657 822 legitimi
1685 766 1899 810 succedunt
1923 762 2091 807 exclusis
2114 760 2251 804 ascen-

1213 830 1406 874 dendibus
1445 826 1683 874 imi-ieritis,
1709 822 1867 866 etiamsi
1898 819 2156 864 ascendentes
2172 816 2248 860 sint

1219 885 1487 941 proximiores
1519 881 1709 925 defuneto
1733 895 1854 934 quam
1882 878 2016 921 Libe-ri
2044 908 2057 930 ,
2106 875 2253 925 adeout

1221 945 1421 997 Pronepos
1452 939 1629 983 defun&
1668 937 1856 981 excludat
1880 932 2256 984 Patremejusdem3

1222 1003 1276 1044 Et
1309 999 1494 1054 quamvis
1530 996 1664 1042 Liberi
1698 995 1773 1037 sint
1805 993 1970 1048 disparis
2002 991 2144 1047 gradus
2168 1021 2180 1042 ,
2214 1000 2260 1032 ut

1223 1058 1248 1100 si
1281 1059 1422 1114 Nepos
1453 1071 1503 1098 ex
1537 1053 1620 1097 filio
1643 1066 1804 1095 mortuo
1825 1062 2040 1093 concurrat
2059 1062 2153 1091 cum
2173 1044 2260 1089 filio

1225 1115 1404 1167 vivente,
1423 1112 1499 1156 five
1524 1111 1612 1153 thio
1629 1142 1639 1161 ,
1655 1110 1685 1152 is
1700 1123 1839 1151 tamen
1858 1109 1998 1161 Nepos
2014 1102 2258 1148 succedendo

1227 1174 1268 1215 in
1286 1173 1422 1215 locum
1439 1171 1568 1212 Patris
1584 1168 1638 1211 sui
1657 1166 1908 1221 ‚ex-&quatur
1924 1163 2013 1206 thio
2028 1195 2039 1215 ‚
2059 1162 2135 1205 sive
2152 1159 2257 1203 Filio

1227 1229 1334 1281 ejus,
1365 1228 1412 1270 de
1438 1226 1550 1277 cujus
1577 1222 1797 1267 hereditate
1821 1221 2014 1278 quaeritur
2043 1234 2110 1273 per
2123 1217 2182 1269 jus
2197 1231 2256 1260 re-

1230 1283 1546 1343 praesentationis
1560 1315 1572 1335 ,
1587 1281 1697 1332 cujus
1708 1279 1885 1323 efficacia
1898 1278 1949 1321 est
1965 1290 2006 1320 ut
2023 1275 2155 1319 Liberi
2169 1289 2266 1318 cen-

1231 1343 1467 1388 censeantur
1506 1341 1547 1383 in
1571 1353 1714 1381 eorum
1740 1334 1907 1392 persona
1942 1346 2150 1389 parentem
2180 1331 2265 1381 jam

1235 1413 1446 1444 mortuum
1478 1395 1672 1440 exhibere
1696 1425 1706 1436 .
1754 1395 1807 1436 Et
1841 1405 2049 1447 propterea
2083 1388 2268 1432 successio

1233 1454 1562 1500 descendentium
1594 1454 1648 1496 est
1680 1451 1722 1494 in
1756 1451 1892 1504 stirpes
1923 1464 2006 1490 non
2041 1449 2083 1489 in
2108 1445 2271 1499 capita,

1235 1515 1312 1558 hoc
1344 1514 1397 1557 est
1415 1511 1610 1555 dividitur
1630 1508 1830 1552 hereditas
1850 1508 1889 1548 in
1913 1505 2047 1559 stirpes
2069 1501 2265 1558 singulas,

1235 1585 1278 1616 ut
1311 1571 1462 1614 scilicet
1493 1569 1626 1626 plures
1657 1567 1776 1610 unius
1808 1564 1935 1618 stirpis
1970 1577 2040 1615 pro
2074 1575 2156 1603 uno
2189 1558 2264 1601 ha-

1238 1630 1444 1680 beantur3
1477 1641 1561 1669 nori
1594 1625 1639 1668 in
1671 1623 1831 1678 capita,
1866 1621 1942 1662 hoc
1975 1619 2027 1661 est
2060 1618 2101 1659 in
2135 1614 2276 1658 viriles

1239 1687 1281 1731 iri
1315 1685 1492 1742 singulos
1521 1698 1665 1726 eorum
1685 1713 1694 1723 .
1733 1679 1851 1722 Unde
1886 1678 1910 1720 si
1938 1676 2012 1719 sint
2034 1689 2111 1718 tres
2133 1675 2278 1728 Nepo-

1240 1759 1298 1788 tes
1328 1760 1378 1788 ex
1411 1757 1494 1786 uno
1514 1740 1619 1793 Pilio
1636 1748 1924 1783 concurrentes
1944 1749 2038 1778 cum
2061 1731 2166 1775 Filio
2187 1745 2278 1772 mo-

1242 1802 1383 1847 rientis
1407 1831 1421 1854 ‚
1453 1799 1651 1859 hereditas
1682 1796 1883 1838 dividetur
1913 1795 1955 1835 in
1987 1792 2084 1833 duas
2116 1801 2274 1843 parta,

1241 1874 1412 1917 quarum
1445 1862 1571 1901 unam
1604 1854 1734 1911 capiet
1761 1851 1913 1900 Filius,
1945 1848 2070 1891 aliam
2093 1861 2188 1888 vero
2209 1843 2280 1886 fibi

1242 1918 1428 1962 divident
1451 1914 1658 1971 aequaliter
1678 1925 1756 1954 tres
1778 1911 1962 1964 Nepotes
1984 1907 2143 1948 Patrem
2166 1901 2280 1944 suurn

1247 1975 1574 2032 repraesentantes
1602 2001 1612 2011 .
1644 1967 1847 2023 Quamvis
1877 1977 2016 2007 autem
2049 1961 2134 2012 jure
2166 1972 2284 2001 com-

1246 2034 1361 2077 muni
1397 2031 1547 2073 sublata
1579 2027 1623 2070 fit
1657 2028 1767 2068 sexus
1790 2020 2018 2065 differentia
2047 2050 2058 2070 ‚
2089 2017 2132 2060 δι
2152 2014 2283 2067 Filia,

1247 2092 1310 2134 vel
1345 2086 1519 2132 Masculi
1554 2100 1602 2127 ex
1635 2098 1681 2125 ea
1715 2080 1862 2136 pariter
1892 2093 1987 2125 curri
2015 2074 2128 2118 Filiis
2150 2072 2283 2115 succe-

1247 2150 1372 2200 dant3
1405 2146 1488 2196 jure
1522 2156 1661 2184 tamen
1697 2137 1891 2193 peculiari
1928 2135 2169 2177 statutorum
2195 2132 2279 2170 Ur-

1248 2206 1307 2250 bis
1322 2204 1451 2247 adhuc
1482 2216 1526 2243 ea
1549 2196 1775 2241 differentia
1799 2205 1962 2236 manet:
1998 2189 2154 2233 etenim
2179 2185 2286 2228 soro-

1249 2269 1306 2307 res
1350 2262 1399 2304 ab
1444 2257 1665 2301 hereditate
1702 2252 1828 2296 Patris
1860 2268 1881 2293 a
1913 2247 2109 2291 fratribus
2138 2244 2281 2287 dotem

1249 2317 1512 2364 offerentibus
1544 2313 1837 2357 excluduntur.
1873 2308 1968 2359 (a)

1313 2381 1447 2431 Atque
1492 2373 1575 2415 hoec
1615 2370 1662 2412 de
1695 2364 1947 2410 naturalibus
1983 2362 2026 2404 δί
2066 2357 2288 2414 legitimis3

1255 2434 1457 2491 supersunt
1481 2427 1684 2472 naturales
1705 2437 1865 2467 tantum
1885 2453 1897 2475 ,
1929 2421 1971 2464 δι
1989 2416 2206 2473 legitimati
2223 2430 2297 2470 per

1255 2492 1519 2546 rescriptum,
1553 2486 1597 2528 de
1622 2497 1798 2540 quorum
1826 2495 1935 2524 nunc
1955 2476 2190 2521 successione
2217 2469 2294 2514 dis-

1257 2552 1428 2595 seremus
1459 2579 1468 2588 .

1323 2601 1546 2650 Naturales
1606 2610 1769 2644 tantum
1814 2596 1903 2639 sunt
1945 2591 2024 2636 filii
2053 2621 2064 2639 ,
2107 2586 2172 2632 vel
2207 2586 2295 2641 spu·

1259 2666 1303 2708 rii
1331 2676 1348 2718 ‚⁴
1394 2664 1470 2706 hoc
1513 2659 1565 2702 est
1599 2657 1722 2713 vulgo
1754 2653 1943 2710 quoesiti3
1996 2647 2059 2691 vel
2091 2662 2140 2690 ex
2175 2646 2294 2687 Con·

1257 2723 1404 2766 cubina
1437 2716 1622 2772 ·suscepti
1656 2745 1667 2757 .
1725 2712 1859 2767 Spurii
1905 2720 2117 2761 nunquam
2163 2703 2296 2745 succe-

1257 2786 1358 2824 dunt
1403 2774 1509 2820 Patri
1537 2806 1548 2826 ,
1591 2771 1685 2828 quia
1731 2769 1893 2813 nullum
1940 2765 2098 2807 Patrem
2134 2773 2295 2804 certum

1261 2837 1437 2882 indicare
1493 2830 1650 2887 possunt
1698 2828 1745 2871 iis
1770 2859 1781 2877 ,
1841 2838 2018 2880 quorum
2075 2820 2214 2861 Mater
2263 2815 2298 2878 se

1263 2894 1444 2949 pluribus
1486 2888 1675 2932 obtulit:
1727 2885 1787 2928 sed
1832 2880 2048 2926 succedunt
2093 2878 2134 2916 iu
2182 2875 2300 2915 bonis

1263 2951 1411 2996 Matris
1438 2980 1451 3003 ,
1483 2961 1570 3003 quae
1601 2957 1710 2987 certa
1741 2941 1820 2992 est,
1851 2938 1895 2981 δι
1926 2937 1967 2979 in
2001 2933 2116 2976 bonis
2150 2932 2300 2972 Paren-

1264 3025 1351 3054 tum
1382 3017 1665 3050 maternorum
1692 3032 1704 3055 ‚
1754 3012 1839 3041 non
1870 2996 1974 3038 secus
2006 3007 2051 3034 ac
2083 2987 2259 3044 legitimi
2286 3004 2297 3030 τ

2207 3060 2304 3090 cum

170 3173 1213 3193 —--————————-—-—--20—
1265 3143 2305 3181 -0-3-—1‘un--1--1-——u-——w-——m

215 3212 294 3251 (a)
318 3209 373 3241 lib.
397 3219 419 3239 i.
444 3217 510 3251 cap.
542 3217 610 3248 ¹47.
