2451 3470
657 88 1673 147 CANONICAE
2108 111 2212 165 333

123 184 192 212 nae
217 169 271 212 ad
304 180 460 214 certum
495 178 654 225 tempus
681 200 693 221 ,
741 166 804 210 vel
839 166 888 210 ad
919 165 1134 210 arbitrium
1255 163 1323 205 Est
1355 177 1494 207 autem
1538 163 1818 220 irregularitas
1867 165 2213 232 impedimentum

125 225 321 282 Episcopi
372 227 525 270 ordinis
572 223 819 270 exercitium
877 223 1136 267 interdicitur
1197 219 1463 264 Canonicum
1492 253 1505 275 ,
1550 222 1806 277 prohibens,
1852 239 1900 266 ne
1932 226 2020 279 quis
2051 228 2213 269 ordine-

125 283 189 325 vel
227 283 402 347 omnino
431 316 444 337 ‚
478 284 540 325 vel
573 299 622 326 ex
657 294 794 336 parte.
827 281 932 322 Eam
966 279 1130 334 gentili·
1162 277 1170 375 Ι
1198 289 1262 318 tur
1292 309 1304 330 ,
1350 294 1449 321 neve
1494 294 1675 334 unquam
1710 280 1752 321 in
1786 280 1970 334 susceptis
2003 283 2212 327 ordinibus

123 340 195 382 bus
226 340 352 384 etiam
372 339 651 383 Sacerdotibus
674 337 862 380 usitatam
884 336 1024 387 fuisse,
1052 335 1134 378 col·
1199 334 1400 377 ministret
1433 367 1445 388 ‚
1491 337 1552 378 vel
1591 351 1639 380 ne
1688 337 1736 378 ad
1785 336 2003 391 superiores
2051 341 2212 384 ordines

127 395 275 452 ligitur
304 413 354 441 ex
386 396 553 449 Juliano
584 393 767 448 Epistola
799 397 868 435 62.
910 392 954 435 δε
998 367 1138 434 similis
1203 405 1492 443 promoveatur
1523 424 1530 433 .
1564 395 1655 436 De
1658 393 1768 443 cujus
1801 393 2089 448 impedimenti
2123 412 2218 439 cau-

124 430 222 497 huie
249 467 333 498 erat
359 468 488 508 poena
508 453 587 496 illa
616 452 927 502 Decurionum,
960 464 1049 503 qua
1053 465 1138 492 cer·
1200 447 1244 489 sis
1277 463 1360 491 non
1396 450 1523 492 solum
1568 452 1608 493 in
1641 449 1828 493 Titulo:
1876 451 2016 506 Qip
2021 455 2209 496 r-omovevi

123 522 214 553 tum
248 512 295 554 ad
321 525 482 564 tempus
511 511 561 552 ab
584 508 724 551 ordine
756 506 819 549 suo
848 509 1139 570 movebantur,
1198 521 1272 546 non
1299 505 1441 560 poffint
1461 538 1473 558 ,
1519 506 1580 549 led
1611 508 1654 550 ὃς
1699 507 1797 550 alibi
1839 508 1976 550 oblata
1987 463 2215 554 poccafione

121 568 188 619 (a)
228 568 270 610 ὅ(
308 567 501 622 suspensio
531 564 726 621 appellari
761 564 886 618 coepit
925 563 965 605 in
1005 566 1135 605 Aure·
1201 567 1262 614 pa
1253 563 1338 604 sm
1371 563 1656 617 disseruimus,
1689 564 1743 607 ita
1777 576 1821 607 ut
1849 580 1951 620 opus
1985 581 2068 608 non
2103 567 2216 611 fitea

121 622 298 666 lianensi
331 624 556 678 Concilio,
588 638 684 666 cum
713 621 817 664 olim
844 620 968 664 latine
998 620 1136 663 abseu-
1198 633 1376 673 repetere
1403 652 1415 674 ‚
1465 620 1532 663 vel
1564 621 1672 664 aliud
1703 621 1872 671 adjicere
1899 653 1912 674 ,
1944 622 2058 678 supra
2089 639 2217 678 quarn

122 679 185 723 fio
219 681 448 724 diceretur
1202 676 1515 720 Institutionum
1549 679 1652 721 ratio
1686 709 1698 731 ,
1722 678 1783 721 ὅ(
1817 681 2003 722 mensura
2047 680 2217 736 patitur,

183 737 332 782 Oritur
368 750 505 783 autem
550 735 743 792 suspensio
768 767 781 788 ,
831 734 928 778 ficut
966 733 1137 777 interdiae
1201 732 1366 790 satisque
1408 735 1531 777 fuerit
1564 735 1640 777 hoc
1686 734 1872 791 generale
1906 737 2114 780 decretum
2147 738 2222 780 ad-

123 793 267 849 istum,
300 794 363 839 vel
390 812 413 838 a
432 794 544 846 jure,
577 808 673 849 puta
693 804 836 836 contra
855 792 1069 835 Clericum
1091 788 1366 847 fi·1ungere
1386 823 1398 844 ‚
1432 807 1511 845 quo
1532 792 1569 833 S
1588 793 1720 835 Cone.
1733 792 1850 834 Trid.
1876 793 1942 844 (d)
1970 793 2137 847 statuit,
2156 795 2222 837 E-

122 852 399 904 moniacam,
429 851 473 893 δε
501 851 660 904 publice
691 849 986 901 fornicarium,
1019 859 1138 902 atque
1201 849 1381 903 piscopos
1413 849 1457 891 in
1491 848 1858 905 irregularitatibus
1889 850 2082 893 omnibus
2113 882 2126 904 ‚
2173 851 2219 895 &

125 908 179 951 ob
197 907 306 951 aliud
330 922 454 962 grave
481 922 640 949 crimen
665 906 909 948 Canonibus
931 917 1138 959 notatum3
1200 905 1517 957 suspensionibus
1571 922 1620 949 ex
1675 905 1823 949 defleto
1879 906 2216 970 provenientibus

125 963 194 1006 vel
218 964 268 1006 ab
293 963 491 1013 homine,
523 979 619 1006 cum
644 962 733 1018 quis
759 961 864 1004 hane
888 977 1062 1016 poenam
1089 979 1139 1007 ex
1165 940 1172 1036 Ι
1201 962 1304 1016 posse
1323 962 1573 1017 dispensare5
1606 977 1776 1018 excepta
1795 979 1840 1006 ea
1860 995 1872 1016 ,
1904 979 1991 1018 quae
2014 964 2147 1008 oritur
2165 980 2215 1008 ex

123 1019 328 1065 sententia
372 994 514 1072 judicis
548 1019 646 1071 justa
701 1018 748 1062 de
788 1018 904 1062 causa
946 1020 1136 1064 sustinet.
1200 1019 1428 1062 homicidio
1456 1019 1718 1073 voluntario,
1748 1020 1793 1064 .&
1826 1019 2144 1065 caufisdedue’ris
2163 1022 2213 1065 ad

131 1078 238 1121 unde
264 1077 383 1129 hujus
416 1091 546 1141 poenae
591 1089 756 1119 tantum
789 1075 979 1120 Clericus
1012 1092 1161 1132 capax
1202 1077 1340 1120 forur'n
1373 1077 1708 1120 contentiosum-

122 1134 334 1188 habetur,
364 1149 460 1178 cum
491 1149 523 1176 is
547 1132 694 1176 habeat
726 1131 945 1187 ordinem,
976 1149 999 1176 a
1029 1149 1141 1185 cuius
1262 1134 1494 1189 Reregimus
1526 1133 1636 1185 jam,
1669 1133 1924 1177 Ornatiffimi
1958 1133 2214 1189 Auditores‚

125 1192 324 1236 exercitio
351 1190 651 1247 suspendatur:
701 1188 862 1233 ferenda
901 1190 957 1234 est
1004 1203 1141 1235 autem
1204 1191 1520 1233 Institutionum
1555 1191 1867 1234 Canonicarum
1900 1191 2085 1246 cursum,
2117 1208 2220 1247 quo-

128 1248 275 1304 scripto
305 1248 481 1303 expressa
513 1248 654 1301 causa,
688 1246 751 1290 seu
781 1247 900 1311 culpa
933 1279 946 1301 ,
980 1261 1143 1311 propter
1170 1270 1176 1287 ·
1204 1247 1402 1291 tidianarn
1436 1245 1554 1297 hujus
1584 1251 1682 1290 anni
1718 1247 2020 1303 praeleffionem
2043 1248 2218 1291 absolvi-

128 1320 254 1360 quam
287 1305 491 1360 profertur
524 1321 534 1346 :
578 1303 762 1362 alioquin
809 1304 981 1349 incurrit
1023 1304 1142 1356 jude-x
1170 1298 1178 1372 Ι
1204 1320 1294 1347 mus
1324 1335 1334 1346 .
1380 1303 1562 1348 Utinam
1593 1316 1709 1348 tanta
1740 1320 1783 1347 m
1815 1304 1995 1347 docendo
2030 1305 2220 1359 scientia,

122 1361 215 1418 ssusp
219 1362 427 1406 enfionem
471 1379 493 1405 a
528 1360 688 1404 divinis
736 1361 899 1405 Officiis
919 1393 938 1411 ,
971 1362 1024 1405 &
1067 1377 1144 1416 per
1203 1373 1406 1418 quautam
1428 1376 1554 1404 amor
1578 1360 1631 1402 in
1664 1377 1736 1404 vos
1767 1375 1909 1412 mem,
1940 1361 1984 1405 &
2017 1362 2143 1405 vestra
2177 1363 2222 1406 in

127 1419 311 1463 mensem
345 1419 534 1463 Ecclefiae
565 1420 690 1462 aditu
707 1418 956 1463 excluditur.
991 1420 1056 1471 (b)
1088 1420 1142 1462 E·
1171 1390 1215 1484 Ι
1204 1418 1444 1461 addiscendo
1472 1417 1689 1470 diligentia
1724 1393 1981 1471 postulab'at.
2012 1419 2221 1476 Quidquid

123 1476 316 1540 piscopus
347 1492 444 1520 vero
489 1491 700 1538 nunquam
753 1475 1049 1532 suspensionem
1083 1477 1146 1518 in·
1205 1475 1330 1529 igitur
1360 1474 1467 1518 mihi
1498 1474 1697 1538 doetrinae·
1721 1473 1874 1526 defuit,
1907 1474 2036 1516 velim
2070 1490 2140 1518 vos
2164 1476 2225 1518 la·

119 1534 259 1577 ‚currit
283 1565 296 1587 ,
327 1546 396 1577 aut
426 1534 635 1577 censuram
670 1533 765 1583 iuris
792 1564 804 1586 ,
849 1532 912 1576 vel
947 1533 1146 1585 hominis,
1206 1532 1300 1575 bore
1346 1532 1473 1575 vestro
1519 1544 1639 1587 atque
1687 1530 1858 1584 ingenio
1890 1531 2123 1585 expleatis.
2158 1534 2225 1575 Ac

129 1591 206 1633 nisi
232 1591 493 1634 nominatim
515 1592 811 1655 exprimatur.
842 1591 900 1643 (c)
930 1590 1145 1645 Suspensus
1206 1588 1324 1633 simul
1370 1588 1616 1652 ignoscitote
1643 1620 1656 1652 ’.
1696 1588 1858 1631 obsecro
1890 1619 1902 1640 ‚
1950 1573 1980 1630 'fi
2026 1587 2151 1632 laudis
2181 1589 2226 1632 &

126 1659 268 1690 autem
300 1648 372 1692 ab
382 1664 497 1703 uno
531 1663 706 1692 minime
740 1647 942 1718 suspensus
966 1648 1016 1690 ab
1043 1646 1145 1690 alio-
1171 1612 1215 1712 Ι
1206 1646 1371 1689 honoris
1404 1645 1523 1689 vestri
1549 1647 1735 1688 nimium
1765 1644 1934 1699 cupidus
1964 1675 1976 1698 ,
2006 1643 2224 1700 aliquoties

131 1719 223 1747 rum
257 1720 446 1748 connexu
479 1703 695 1755 censetur,
728 1706 832 1748 unde
865 1704 1064 1759 suspensus
1097 1705 1146 1747 ab
1206 1720 1249 1747 in
1283 1703 1610 1759 reprehendenda
1653 1701 1922 1757 quorumdam
1969 1702 2223 1757 negligentia

127 1760 277 1804 ordine
329 1777 414 1804 non
457 1762 511 1804 est
560 1737 758 1817 suspexistis
788 1778 811 1804 a
853 1760 1145 1815 ὶιιτιΓάἰὲὶίοιισ,
1171 1725 1218 1815 Ι
1203 1760 1313 1805 mihi
1343 1760 1568 1816 quidquam
1591 1758 1797 1802 exciderit
1828 1758 2038 1812 acerbius3
2071 1759 2164 1802 inde
2182 1774 2227 1802 e-

131 1832 270 1873 neque
295 1834 318 1860 a
346 1818 586 1861 beneficio·
634 1834 710 1862 nec
740 1818 810 1873 qui
844 1819 1094 1883 suspenditur
1124 1836 1147 1862 a
1210 1819 1298 1862 nim
1331 1817 1565 1874 intelligere
1600 1814 1778 1871 potestis.
1790 1846 1808 1868 ‚
1838 1816 1981 1871 quanti
2014 1831 2086 1858 vos
2117 1814 2225 1859 fece-

134 1874 327 1929 superiori
375 1876 517 1918 ordine
560 1876 719 1919 amittit
767 1877 1009 1948 exercitium
1041 1875 1146 1919 infe-
1209 1877 1317 1929 rim,
1348 1873 1454 1930 quod
1486 1890 1536 1928 ap
1540 1873 1590 1916 ud
1612 1888 1678 1916 me
1700 1871 1812 1928 digni
1832 1871 2018 1925 fueritis,
2049 1888 2227 1927 quorum

134 1931 278 1982 rimis,
310 1933 498 1986 quamvis
528 1933 598 1987 qui
629 1933 679 1976 ab
710 1933 852 1976 ordine
880 1934 1066 1977 inferiori
1091 1933 1150 1977 su·
1211 1933 1327 1978 causa
1349 1932 1477 1974 homo
1511 1929 1779 1984 Philosophus
1802 1928 1996 1983 tantirper
2021 1928 2225 1982 irascerer,

130 1988 374 2051 spenditurt,
409 1988 620 2043 superioris
649 1990 775 2032 etiam
807 1991 962 2034 ordinis
993 1991 1148 2035 exerci-
1173 1940 1220 2064 Ι
1211 1991 1244 2033 is
1276 1988 1522 2045 praesertim,
1554 2001 1679 2050 quem
1697 1986 2002 2038 Susurronum,
2033 1985 2077 2028 ὃς
2097 1986 2229 2028 Semi-

134 2045 245 2088 tium
277 2044 444 2088 amittat
471 2075 480 2086 .
525 2045 609 2099 Qui
640 2062 737 2089 vero
786 2047 1048 2102 suspensionis
1079 2064 1150 2092 ne-
1210 2048 1425 2091 dou-orum
1457 2058 1625 2099 agmina
1657 2054 1852 2107 perpetuo
1878 2041 2066 2097 plurium
2097 2057 2228 2084 anno-

134 2102 269 2158 gle6la
301 2102 498 2145 sententia
520 2134 537 2156 ‚
580 2115 742 2147 exercet
770 2104 930 2149 ordines
963 2105 1031 2148 sibi
1064 2112 1150 2149 non
1178 2073 1185 2164 Ι
1213 2120 1303 2148 rum
1342 2102 1489 2145 latratu
1510 2133 1522 2155 ‚
1567 2115 1653 2142 non
1692 2099 1826 2154 magis
1851 2129 1864 2150 ‚
1896 2113 2019 2153 quam
2054 2097 2227 2154 Pigmaei

131 2160 408 2213 exercendos,
440 2159 584 2203 incidit
614 2160 658 2203 in
690 2161 1036 2217 irregularitatem
1054 2194 1064 2206 .
1175 2178 1183 2197 ¹
1212 2158 1442 2207 Herculem
1471 2167 1820 2202 commoverunt.
1855 2154 2125 2198 VALETE.

137 2289 589 2301 —-.-...-...-.
818 2247 1154 2306 .........’...-.
1177 2307 1187 2357 Ι
1214 2290 1435 2302 ......-.
1552 2282 2220 2299 ------------.--.

176 2375 240 2416 [a]
269 2380 305 2409 L.
312 2387 344 2409 2.
370 2377 405 2408 r'n
428 2378 536 2419 prtnc
558 2377 599 2423 ff.
625 2379 664 2411 da
687 2382 805 2413 Decur.
1174 2362 1189 2465 Ι
1257 2377 1306 2419 [c]
1332 2379 1411 2418 Cap.
1437 2375 1513 2418 quia
1535 2373 1714 2414 periculos.
1739 2371 1848 2405 eodem
1871 2371 1908 2406 in
1930 2374 1965 2402 6.

178 2421 240 2462 Kb]
267 2425 303 2454 C
311 2432 338 2455 ι.
364 2422 401 2456 de
421 2423 510 2464 sem
540 2432 688 2460 excomm.
1259 2424 1314 2467 [d]
1338 2418 1418 2463 ix'eff
1426 2430 1478 2460 24
1497 2430 1522 2453 c.
1534 2420 1570 2451 6
1595 2418 1635 2452 de
1655 2419 1822 2462 reformas.

749 2675 806 2728 F
959 2675 994 2729 1
1147 2676 1208 2725 N
1354 2673 1388 2725 1
1541 2672 1580 2724 S
1597 2708 1632 2727 ..-

1975 3125 2208 3170 INDEX
