2451 3470
623 117 1587 178 OPUSCULA.

58 199 208 245 biri-atu
234 195 529 240 verberandum
548 226 561 250 ‚
594 212 750 241 noxam
764 197 958 252 duplione
975 194 1091 238 luen·
1113 218 1121 250 ι

55 258 150 303 dam
177 286 190 299 .
239 256 510 297 Frumentum
555 254 596 296 in
640 256 789 297 aedibus
820 256 883 296 vel
914 253 961 294 ad
993 253 1122 320 aedesl

1141 193 1316 237 vicium:
1357 190 1502 236 deinde
1537 185 1749 238 vetitum,
1786 200 1839 228 ne
1867 187 2076 242 quisquam
2110 133 2190 237 no?

1140 251 1338 294 min-atim·
1368 250 1467 300 jocis
1498 248 1542 290 ὅ(
1574 244 1772 288 conviciis
1804 244 2144 300 perstringeretur
2167 282 2177 293 .

59 313 236 370 positum
254 341 266 361 ‚
288 308 496 360 fialicujus
510 325 631 365 opera
647 310 919 365 conflagrasset
940 325 951 360 ·,
969 324 1061 350 eum
1081 324 1092 361 3
1141 309 1295 351 Eadem
1329 305 1494 349 Tabula
1526 301 1788 347 coercebatur
1818 300 1926 343 fraus
1947 303 2090 347 tutoris
2107 306 2176 348 ad-

62 370 131 425 qui
165 368 291 411 sciens
324 366 495 421 prudens
515 367 800 418 commisisset,
834 366 1091 408 verberatum

55 424 149 480 igni
180 425 407 467 necandum
425 439 439 464 .-
468 422 494 465 fi
514 423 604 465 casu
635 423 675 466 id
691 423 784 466 esset
806 422 955 466 fanum
974 451 985 472 ,
1018 437 1091 464 no-

61 496 159 526 xam
193 480 436 523 sarciendam
466 496 475 520 :
511 479 537 522 si
569 494 657 521 non
683 478 777 522 esset
808 479 1003 530 idoneus,
1036 477 1091 521 le-

57 538 153 581 vius
183 537 458 590 castigandum
487 567 496 578 .
527 535 615 588 [a]
642 535 738 578 Oris
769 547 905 578 autem
938 533 1091 589 pereus-

63 595 218 638 fionem
251 592 402 648 viginti
433 592 612 647 quinque
629 593 772 635 assibus
787 590 1064 634 mulctandam
1081 621 1091 633 .

60 651 186 694 Unde
219 649 505 693 scelestissimus
523 647 717 703 quidam,
749 649 904 691 servum
918 647 1091 702 pecunia

58 720 280 751 oneratum
311 706 485 755 ducens,
517 718 561 746 ut
592 704 760 759 quisque
784 705 898 747 fieret
917 705 1092 755 obvius,

56 780 101 808 os
141 762 385 819 percutiebat
418 760 681 815 praesentique
714 762 885 814 pecunia
920 760 954 802 se
985 759 1089 810 judi-

56 822 124 865 cio
171 818 364 862 liberabat
392 847 402 858 .
453 816 549 858 Ideo
581 829 630 860 ne
665 815 829 860 levitate
863 831 992 870 poenae
1024 816 1090 858 lex

60 885 417 924 contemneretur,
450 872 602 915 mulera
633 872 717 916 haec
749 873 982 916 exolevit&
1001 888 1090 927 gra·

58 933 165 976 viori
197 931 333 981 ceffit3
365 928 533 979 injuriis
564 929 678 973 enim
704 926 1091 983 aestimandispostea

61 1000 359 1042 recuperatores
390 1002 412 1028 a
447 990 615 1030 Praetore
644 987 866 1029 dabantur.
899 986 1092 1042 Sequitur

59 1045 224 1100 frugum
258 1043 510 1086 incantatio.
545 1045 656 1087 Cum
688 1043 801 1086 enim
824 1054 978 1085 veteres
998 1041 1089 1094 illi,

54 1102 247 1146 omnium
265 1100 466 1142 bonarum
480 1101 630 1143 artium
646 1099 689 1143 &
702 1099 1013 1154 disciplinarum
1028 1113 1091 1141 ru·

54 1159 122 1202 des
138 1189 150 1211 ,
182 1169 399 1213 putarent,
423 1155 554 1209 fruges
571 1157 822 1200 carminibus
840 1155 1014 1211 magicis
1027 1155 1091 1198 vel

56 1215 185 1259 averti
205 1212 390 1269 poffe‚vel
406 1214 575 1267 traduci,
589 1214 606 1267 [
626 1226 668 1257 ut
683 1213 797 1258 enim
812 1211 1008 1256 Tibullus
1021 1212 1094 1266 ait,

118 1303 294 1344 Carmen
323 1299 475 1342 vicinis
491 1297 626 1354 fruges
651 1299 822 1342 traducit
835 1300 886 1342 ab
896 1297 1038 1355 agris]

61 1384 152 1429 ideo
194 1383 431 1427 Decemviri
467 1399 539 1436 pro
572 1384 637 1426 sua
670 1383 815 1438 puerili
846 1402 893 1429 ac
923 1381 1096 1427 ridicula

61 1441 341 1497 superstitione
374 1440 593 1483 sanxerunt
612 1471 622 1482 .
651 1454 698 1483 ut
723 1473 735 1494 ,
767 1443 835 1497 qui
867 1440 1001 1497 fruges
1031 1457 1096 1482 ex-

53 1497 237 1551 cantaffu
265 1528 280 1550 ,
319 1496 407 1541 sive
440 1498 692 1540 carminibus
720 1499 892 1554 magicis
922 1497 1096 1542 crescere

1123 1157 1185 1199 ’δε
1217 1157 1453 1199 reducerent
1482 1171 1492 1196 τ

1139 366 1272 408 versus
1306 363 1510 418 pupi-llum
1541 357 1750 413 du-plionis
1782 356 1962 410 mulfi'ta,
1996 358 2178 416 itemque

1140 423 1303 474 patroni
1336 420 1522 464 adversus
1553 417 1746 461 clientem
1768 445 1783 469 ,
1813 414 1920 470 quod
1939 415 2000 477 ‚de
2020 417 2187 461 Romu-⁴

1140 477 1168 520 li
1202 478 1360 533 legibus
1392 477 1571 520 sumtum
1607 472 1712 534 fuit3
1745 471 2183 522 iisenimiubebantue

1136 547 1271 590 patres
1316 533 1507 587 suscipere
1552 530 1804 586 plebeiorum
1859 529 2180 584 patrocinium.

1137 590 1364 634 Constituit
1406 590 1521 633 enim
1564 589 1677 631 inter
1724 586 1913 641 utrosque
1944 586 2175 633 officiorum

1139 645 1457 690 viciffitudinem
1487 646 1532 689 δι
1564 657 1756 688 mutuam
1788 643 1995 699 gratiam;
2029 657 2072 687 ut
2105 661 2177 699 pa-

1140 704 1248 747 tricii
1282 702 1459 756 plebeios
1489 704 1536 745 de
1563 702 1724 743 urbanis
1748 704 1864 744 rebus
1882 701 2181 757 admonerent,

1141 761 1183 802 in
1227 760 1375 810 judicio
1419 771 1540 813 atque
1589 769 1703 801 extra
1739 756 1939 808 iudicium
1971 759 2183 813 praesentes

1138 816 1397 871 absentesque
1427 814 1714 858 defenderent:
1748 828 1894 857 contra
1926 814 2076 869 plebeii
2111 832 2181 871 pa-

1139 873 1353 916 triciorum
1386 871 1557 915 clientes
1587 870 1710 913 essent
1742 886 1788 913 ac
1812 883 2004 926 patronos
2024 872 2072 914 ad
2092 874 2176 917 col-

1140 929 1333 973 locandas.
1360 928 1462 972 filias
1494 929 1661 983 inopes,
1691 928 1734 970 ἃ
1761 943 1810 969 aes
1840 927 2023 971 alienum
2044 929 2179 974 diffol-

1139 986 1347 1039 vendum,
1379 985 1447 1029 vel
1477 985 1524 1028 ad
1555 999 1622 1028 eos
1652 999 1702 1027 ex
1730 984 1907 1027 hostibus
1924 984 2179 1031 redimendos

1140 1043 1309 1097 proprio
1336 1057 1411 1086 cere
1441 1041 1680 1093 adjuvarent
1712 1072 1724 1093 ‚
1757 1040 1931 1084 honores
1966 1042 2010 1084 Se
2047 1044 2180 1100 magi-

1140 1101 1280 1144 stratus
1321 1099 1488 1153 adeptos
1529 1099 1822 1149 observarent,
1855 1114 1901 1141 ac
1932 1098 2177 1144 deducerent

1549 1155 1712 1210 patroni
1748 1169 1841 1197 vero
1872 1155 1942 1209 qui
1975 1156 2176 1201 clientem

1141 1212 1411 1267 accusassent,
1438 1223 1512 1254 aut
1543 1223 1688 1254 contra
1720 1210 1840 1254 illum
1863 1210 2098 1268 fuffragium
2121 1227 2182 1257 te-

1142 1269 1434 1312 stimoniumve
1455 1267 1637 1312 tulissent
1652 1299 1665 1320 ,
1698 1268 1942 1322 proditionis
1965 1283 2081 1312 erant
2096 1272 2181 1325 rei,

1141 1327 1184 1370 ὃ(
1217 1339 1415 1381 tanquam
1447 1324 1758 1377 praevaricantes
1779 1355 1792 1376 ,
1824 1323 1918 1367 sacri
1951 1339 2065 1368 erant
2096 1328 2181 1370 Ce-

1144 1383 1259 1436 reri,
1303 1382 1381 1426 sive
1422 1382 1566 1425 Cereri
1610 1381 1949 1433 devovebantur3
1984 1396 2027 1426 ut
2053 1415 2065 1437 ‚
2109 1383 2179 1439 qui

1141 1455 1209 1483 eos
1251 1438 1485 1482 occidissent
1506 1468 1518 1491 ‚
1551 1437 1615 1493 pie
1650 1437 1811 1491 fecisse,
1841 1453 1887 1480 ac
1920 1438 2052 1482 infero
2083 1441 2179 1492 Jovi

1145 1495 1318 1539 hostiam
1362 1494 1547 1538 maRaffe
1566 1505 1810 1549 putarentur
1842 1525 1855 1535 .
1898 1495 2036 1549 Quem
2065 1498 2181 1540 enim

57 1553 315 1610 prohibuerit
340 1586 352 1607 ,
396 1567 465 1597 aut
497 1554 673 1608 segetem
705 1554 886 1600 alienam
919 1553 1092 1611 pellexe-
1146 1552 1326 1597 Romani
1358 1551 1486 1596 occidi
1507 1551 1918 1606 volebantimpune‚
1954 1552 2062 1596 hunc
2080 1556 2182 1609 post-

57 1612 113 1655 rit
138 1642 152 1663 ‚
183 1610 326 1653 Cereri
360 1609 464 1654 sacer
494 1611 614 1655 esset.

113 1669 300 1730 Famam·
327 1683 486 1723 quoque
533 1668 716 1711 alienam
764 1669 920 1726 legibus
962 1681 1096 1724 tegere

1144 1612 1267 1666 quam
1281 1609 1402 1652 alicui
1421 1611 1510 1651 Deo
1524 1608 1793 1662 devovissent,
1809 1609 1961 1651 sacrum
1980 1609 2189 1655 dicebant.

1202 1667 1338 1710 Testis
1368 1666 1436 1720 qui
1470 1664 1595 1714 alicui
1629 1667 1800 1722 negotio
1833 1665 2104 1722 interfuisset,
2136 1685 2183 1713 ac

57 1724 302 1768 Decemviri
338 1722 578 1767 volverunt.
611 1724 737 1768 Nihil
771 1728 885 1770 enim
917 1726 1096 1781 iniquius
1123 1724 1276 1778 ,postea
1325 1722 1605 1766 testimonium
1651 1723 1764 1766 edere
1807 1722 2053 1767 detrcclaffet
2079 1756 2091 1778 ,
2123 1720 2192 1780 per

62 1792 293 1836 putarunt,
325 1796 448 1836 quam
482 1781 637 1824 civium
672 1797 826 1826 nomen
858 1769 1126 1840 permittere}

62 1838 234 1891 scurris,
268 1837 568 1891 nebulonibus,
600 1854 646 1881 ac
683 1841 922 1893 poetaflris,
953 1839 1127 1896 quibus*n

70 1894 219 1949 optimi
255 1893 439 1949 cujusque
473 1895 601 1938 virtus
629 1895 682 1937 est
716 1897 843 1939 invisa
876 1897 967 1940 ideo
999 1895 1097 1939 fuste

59 1950 173 1994 feriri
200 1982 213 2004 ,
257 1950 335 1994 sive
366 1951 415 1993 ad
446 1966 590 1995 necem
623 1952 719 1995 caedi
748 1953 838 2007 [b]
873 1953 1092 1997 voluerunt

59 2023 154 2052 eum
190 2039 202 2059 ‚
234 2007 301 2062 qui
335 2006 476 2061 pipulo
500 2040 514 2062 ,
545 2009 584 2052 id
614 2009 667 2052 est
699 2011 889 2054 convicio
914 2042 927 2063 ‚
969 2026 1098 2052 accen--

61 2063 168 2119 taffit
184 2096 195 2114 ,
214 2063 289 2105 sive
305 2064 575 2118 ttbstrepuiffet
594 2081 813 2111 carmenve
832 2066 1069 2111 condidisset
1085 2099 1098 2118 ,
1121 2096 1125 2114 -‚

60 2121 169 2176 quod
205 2119 420 2163 infamiam
455 2121 557 2164 faxit
584 2122 840 2177 flagitiumve
863 2125 1009 2168 alteri.
1042 2124 1124 2176 [c]

58 2178 206 2230 Nam,
239 2189 282 2219 ut
315 2176 500 2230 praeclare
520 2178 686 2222 Tullius
718 2181 760 2224 in
793 2181 908 2225 libris
926 2183 974 2224 de
988 2192 1098 2235 repu-

65 2235 171 2278 blica
204 2233 307 2287 apud
342 2233 497 2276 Divum
532 2237 835 2291 Augustinum,
866 2239 1090 2290 (d)]udi-

67 2293 141 2333 ciis
172 2289 227 2333 <5
256 2290 553 2346 magtstratuum
585 2292 939 2348 disceptationibus
966 2296 1093 2351 legiti-

66 2348 141 2390 mis
169 2345 402 2403 propofitam
435 2351 593 2402 vitam,
625 2366 701 2393 non
711 2363 914 2406 poetarum
929 2352 1099 2407 ingeniis

64 2404 201 2448 habere
231 2405 416 2448 debemus
441 2421 459 2456 ;
511 2422 577 2448 nec
603 2408 787 2460 probrum
817 2410 956 2451 audire
981 2440 992 2461 ‚
1023 2408 1097 2462 ntfi

60 2477 105 2505 ea
136 2462 215 2517 lege
236 2493 249 2514 ‚
274 2473 319 2504 ut
348 2462 569 2518 respondere
600 2464 742 2518 liceat,
774 2465 831 2509 <J
859 2466 1008 2517 iudicio
1029 2466 1096 2508 de-

61 2517 242 2572 ffendere.
276 2520 367 2572 Qua
401 2520 557 2563 ratione
589 2521 691 2571 apud
717 2523 986 2567 Athenienses:
1000 2534 1123 2565 cumi

1147 1782 1252 1824 hanc
1264 1778 1475 1823 Tabulam
1492 1779 1732 1823 intestabilis
1745 1779 2017 1823 efficiebatur:
2040 1781 2082 1823 ἃ
2099 1798 2186 1835 ρεπε-

1147 1838 1275 1881 ricida
1304 1869 1317 1889 ‚
1359 1836 1429 1893 qui
1480 1836 1652 1879 liberum
1688 1837 1904 1880 hominem
1935 1838 2142 1881 occidisset
2167 1869 2182 1893 ‚

1147 1895 1356 1938 malumve
1391 1909 1595 1938 venenum
1633 1895 1903 1949 propinasset,
1937 1894 2182 1939 habebatur.

1148 1952 1310 2008 Quique
1357 1965 1570 2005 parentem
1606 1953 1808 2005 necasset,
1840 1951 1994 1994 insutus
2026 1953 2140 1995 culeo
2169 1984 2183 2007 ,

1148 2013 1279 2063 capite
1311 2007 1507 2051 obvoluto
1541 2040 1554 2061 ,
1587 2008 1630 2050 in
1667 2008 1933 2061 profluentem
1968 2008 2086 2059 dejici
2119 2009 2182 2060 ju-

1146 2067 1340 2118 bebatur,
1372 2066 1562 2117 exemplo
1586 2065 1798 2120 supplicii,
1829 2081 1909 2120 quo
1923 2066 2179 2121 Tarquinius

1146 2124 1236 2166 Rex
1269 2122 1404 2166 affecit
1437 2123 1502 2164 M.
1537 2121 1729 2165 Tullium
1767 2122 2073 2174 Duumvimm,
2106 2124 2177 2177 qui

1147 2180 1320 2223 liberum
1369 2179 1416 2221 de
1460 2181 1617 2222 arcanis
1650 2178 1840 2222 civilium
1875 2179 2072 2223 sacrorum
2108 2180 2176 2223 fibi

1143 2237 1193 2280 ab
1244 2232 1353 2291 Rege
1401 2237 1598 2279 creditum
1633 2237 1827 2280 Petronio
1858 2236 2008 2279 Sabino
2039 2236 2182 2280 descri-

1144 2293 1320 2337 bendum
1341 2293 1556 2336 tradiderat
1578 2325 1589 2335 .
1620 2295 1679 2344 (e)
1700 2292 1856 2336 Ibidem
1878 2292 2035 2336 simiam
2052 2325 2065 2345 ,
2096 2293 2182 2349 gal·

1146 2350 1231 2393 lum
1265 2350 1567 2404 gallinaceum.
1600 2351 1645 2392 ὃς
1677 2351 1856 2404 viperam
1892 2349 2183 2394 includebant.

1201 2407 1359 2452 ORava
1412 2406 1575 2450 Tabula
1609 2406 1668 2457 jus
1702 2407 1999 2462 praediatorium
2035 2423 2177 2463 propo·

1143 2465 1266 2508 nebat
1295 2496 1307 2517 ‚
1349 2466 1556 2508 ambitum
1593 2465 1764 2520 parietis
1793 2495 1805 2516 ‚
1855 2463 1932 2507 sive
1964 2464 2042 2508 iter
2073 2464 2180 2520 quod

1143 2522 1434 2565 circumeundo
1467 2521 1619 2564 teritur
1643 2553 1655 2574 ‚
1694 2521 1866 2565 sestertio
1900 2537 2046 2572 nempe
2077 2524 2178 2564 duo·

63 2574 247 2617 auftorcs
278 2576 426 2619 veteris
456 2576 670 2620 comoediae
703 2579 860 2623 summa
887 2579 1094 2624 convicio·
1117 2567 1124 2623 i
1145 2579 1216 2621 bus
1246 2578 1288 2622 &
1323 2578 1512 2630 semisse,
1546 2578 1624 2620 viae
1656 2578 1915 2621 latitudinem
1946 2579 2036 2621 080
2068 2578 2182 2634 pedi-

61 2647 154 2674 rum
202 2631 384 2693 libertate
429 2633 544 2676 nullo
589 2635 685 2678 boni
719 2637 869 2682 malive
896 2626 1214 2689 discrimi-{bus
1250 2636 1293 2677 in
1326 2635 1584 2689 pometum,
1621 2635 1818 2679 sexdecim
1854 2636 1895 2678 in
1924 2635 2181 2691 anfra&11m‚

60 2703 147 2750 nep
188 2703 333 2730 0³¹ssOE
379 2690 612 2734 lncefferent
635 2723 647 2744 ‚
677 2709 724 2737 ac
757 2709 806 2738 ne
838 2693 1096 2748 Principibus
1119 2700 1123 2746 j
1145 2692 1221 2735 five
1256 2692 1322 2734 ubi
1358 2693 1510 2735 flexum
1541 2692 1596 2736 est
1621 2724 1635 2746 ‚
1677 2692 1894 2736 definiebat
1922 2724 1932 2736 .
1974 2691 2075 2746 (f)
2107 2693 2182 2743 Per

63 2745 230 2800 quidem
265 2760 475 2800 parcerent
507 2748 708 2792 civitatis:
744 2750 827 2794 lata
859 2750 923 2795 lex
958 2752 1092 2805 primo
1117 2770 1122 2776 ·
1145 2751 1253 2792 viam
1305 2749 1573 2793 immunitam
1608 2748 1844 2802 jumentum
1875 2749 1943 2804 agi
1974 2750 2183 2805 permitte·

62 2803 145 2856 est,
180 2817 229 2844 ne
260 2802 558 2865 magistratibus
591 2805 701 2850 fieret
727 2807 772 2851 in
786 2807 1095 2853 comoediacon.
1117 2802 1123 2836 ἶ
1144 2807 1210 2850 bat
1232 2838 1243 2849 .
1274 2809 1357 2863 (g)
1393 2810 1524 2863 Aquae
1563 2805 1715 2862 pluviae
1737 2806 1920 2850 arcendae
1944 2838 1957 2860 ,
2001 2819 2101 2850 item
2135 2807 2177 2849 δε

168 2859 269 2912 Jani
299 2861 512 2903 Gravtnx.
542 2861 655 2902 Tom.
693 2864 750 2905 ΙῙ.
1780 2866 1800 2906 I
2050 2863 2167 2918 glan-

62 2987 392 3003 ——-“¹—-—-·-
837 2992 1097 3007 *o—

105 3017 190 3058 (α)
217 3021 294 3059 Leg.
321 3026 339 3054 9
371 3016 411 3061 ff.
437 3018 474 3050 de
498 3018 622 3051 incend.
649 3021 725 3051 ruia
764 3023 915 3065 naufrag-

107 3061 189 3103 (ὁ)
215 3066 290 3104 Leg.
318 3072 348 3101 7.
377 3069 403 3102 ᾗ.
436 3073 461 3093 1.
488 3061 525 3105 ff.
551 3064 592 3095 ad
615 3064 679 3105 teg.
708 3067 824 3108 Aquit-

102 3107 183 3147 (c)
210 3107 321 3145 Jacob.
349 3105 505 3141 Gothofr.
532 3105 622 3140 hic?

106 3151 190 3195 (d)
214 3151 274 3186 Ιώ.
301 3161 333 3184 2·
356 3152 396 3186 d·
417 3152 559 3186 civitate
583 3153 653 3185 Dei
675 3159 743 3197 cap.
769 3161 800 3192 9.

1140 2994 1265 3063 T)
1292 3022 1401 3055 Valer.
1429 3023 1575 3056 Maxim.

1188 3068 1237 3110 (f
1254 3080 1259 3100 )
1285 3068 1358 3108 L‘g·
1387 3067 1416 3098 8.
1441 3065 1481 3110 ff
1508 3068 1545 3098 ἀὲ
1567 3068 1687 3107 servit.
1710 3065 1788 3109 rust.
1810 3067 1906 3112 prad.

1187 3111 1268 3154 (g)
1293 3113 1402 3145 Cicer.
1426 3119 1486 3154 pm
1507 3112 1621 3146 cecis.
