2451 3470
193 102 304 158 224
693 72 1803 136 INSTITUTIONES‘,

188 161 366 218 gatar-ius
398 158 506 206 illucs
527 157 647 203 alteri
679 156 840 200 reddere
858 152 1068 205 jubeatur,
1100 149 1138 192 id
1153 163 1219 204 ap·
1272 147 1387 191 caedit
1416 162 1622 212 occupatae
1641 181 1652 192 .
1683 144 1966 205 Quamobrem
2001 168 2088 208 ρης
2117 151 2316 199 deficiem

189 219 367 276 pellatur
395 211 771 262 fideicommissum
806 208 1046 266 particulare
1073 238 1086 261 ,
1117 207 1221 261 quod
1272 206 1460 249 accrescit
1494 205 1659 260 heredi,
1691 207 1717 249 fi
1751 207 1856 251 alter
1884 208 2005 253 heres
2031 225 2114 254 non
2139 212 2210 266 sit,
2240 225 2313 255 aut

184 292 272 321 non
312 275 447 320 differt
489 291 512 318 a
558 274 707 329 Legato
733 301 745 322 ‚
791 267 865 311 nifi
908 282 956 310 ex
991 265 1070 322 hoc
1099 277 1222 306 onere
1269 261 1344 305 esse
1376 261 1513 316 nolit‚·
1544 277 1596 307 ne
1626 264 1715 319 quis
1747 280 1818 319 pro
1851 278 1963 320 parte
1995 268 2159 311 testatus
2177 284 2310 311 rema-

185 333 488 378 restitutionis:
531 331 575 374 in
629 326 775 373 ceteris
817 339 914 368 vero
955 322 1092 384 legato
1118 334 1220 384 exae-
1262 330 1367 361 'nea-t
1392 351 1404 372 ,
1426 335 1512 374 ·pro
1541 333 1653 376 parte
1687 321 1920 365 intestatus.
1962 323 2076 366 Nam
2109 325 2206 368 ficut
2237 325 2307 381 qui

184 404 331 449 quatur
355 423 364 433 .
409 391 495 443 (a)
526 386 668 442 Legari
699 396 838 427 'autern
871 379 994 436 potest
1026 376 1220 434 quxdqund
1272 375 1375 418 solus
1407 375 1520 420 heres
1553 377 1810 432 instituitur,
1840 377 1866 421 si
1901 391 2060 432 partem
2073 381 2310 426 heredi-tatis

182 450 263 504 est,
294 461 363 492 aut
395 447 539 490 habere
572 444 615 486 in
648 439 900 485 commercio
914 435 1147 491 possumus3
1178 434 1220 478 ἃ
1267 432 1411 486 adeat,
1441 434 1658 478 necessario
1687 446 1822 478 totum
1855 435 1988 483 adiisse
2008 437 2218 493 censetur3
2251 440 2309 481 ita

180 506 214 550 fi
243 505 302 550 res
332 505 377 548 fit
408 502 588 555 heredis,
619 512 690 542 aut
719 497 878 549 aliena,
909 495 953 537 &
985 490 1216 549 paratudif·
1266 489 1308 532 δι
1340 489 1366 532 fi
1406 490 1495 533 sunt
1526 491 1630 545 duo,
1662 505 1732 535 aut
1768 492 1900 546 plures
1920 492 2112 548 heredes,
2145 511 2227 539 uno
2248 511 2312 539 re-

188 563 309 608 ficilis
334 594 345 615 ,
392 575 514 618 quam
547 559 660 600 heres
692 554 890 598 redimere
922 551 1112 602 jubetur:
1149 560 1218 591 aut
1267 545 1462 601 pudiante
1495 563 1583 603 pars
1600 550 1804 603 repudiata
1818 548 2027 594 adscrescit
2040 552 2306 596 adeuntibw,

178 621 208 664 si
239 632 437 676 nequeat,
468 615 627 671 cogitur
658 610 768 655 illius
788 608 1095 653 :estimationem
1115 621 1211 662 prae-
1323 604 1521 667 Nascitur
1550 605 1676 648 etiam
1710 606 1819 649 inter
1852 606 2158 660 Legatariosjus
2172 625 2306 653 accre-

176 677 275 721 stare
306 693 316 718 t
361 673 582 718 dummodo
624 668 861 725 Legatarius
902 665 1042 720 probet
1071 695 1081 716 ‚
1131 665 1215 707 Te·
1238 681 1242 686 ·
1265 660 1396 704 scendi
1439 677 1508 717 per
1540 663 1708 705 tacitam
1742 662 2001 707 voluntatem
2033 666 2300 720 Testat0r554

179 735 369 779 statorem
413 729 560 774 sciviffe
611 741 696 771 rem
743 740 835 768 eam
877 722 950 766 effe
993 721 1213 773 alienam;
1261 733 1310 761 ex
1338 719 1557 774 complexu
1586 719 1631 763 δι
1661 719 1953 772 conjunctione
1992 722 2210 766 verborum
2234 754 2247 766 .

179 806 278 835 nam
323 789 348 832 fi
381 785 631 845 ignorasset,
652 798 737 827 non
768 780 943 825 creditur
972 793 1065 822 eam
1100 777 1215 822 fuiffe
1319 775 1544 828 conjunffi
1588 776 1783 820 dicuntur
1827 778 1896 834 qui
1949 777 2000 820 ad
2032 794 2157 822 unam
2188 795 2307 824 eam-

179 848 404 903 legam-us,
1260 831 1431 888 demque
1462 849 1577 887 rem,
1611 834 1688 877 five
1719 835 1858 878 eadem
1879 866 1892 887 ,
1924 834 2008 878 srvc
2043 836 2195 879 diversa
2213 853 2306 880 ora-

229 903 357 948 Sicuti
387 902 431 945 ἃ
463 900 489 944 fi
522 898 682 954 legasset
712 912 797 941 rem
829 893 946 938 alteri
978 893 1117 935 datam
1151 889 1214 946 pi·
1261 890 1371 933 tione
1420 891 1461 934 in
1494 891 1637 934 eodem
1672 892 1913 935 testamento
1946 906 2152 937 vocantur
2175 923 2187 936 .
2231 894 2303 937 Est

170 961 289 1019 gnoti
316 977 327 1003 t
359 959 442 1012 ejus
471 957 584 1002 enim
619 956 800 1012 legatum
833 950 969 1003 valet3
1005 949 1066 992 sed
1097 948 1212 992 heres
1257 959 1394 990 autem
1427 948 1662 999 eonjunfflo
1694 949 1843 1004 triplex
1865 980 1874 990 .

172 1034 256 1063 non
280 1017 442 1074 cogitur
460 1016 633 1072 pignus,
666 1010 863 1068 persoluta
879 1005 1077 1073 pecunia,
1111 1005 1209 1048 libe·
1278 1061 1284 1068 ⁸
1316 1005 1451 1047 Prima
1482 1005 1537 1048 est
1566 1004 1802 1056 conjunctio
1833 1022 1874 1050 re
1905 1005 1950 1049 &
1982 1007 2114 1051 verbi-s
2137 1038 2151 1061 ,
2184 1006 2303 1050 velu-

168 1092 257 1120 rare
276 1108 289 1128 ‚
321 1074 394 1118 nisi
428 1071 662 1128 Legatarius
694 1068 923 1124 probaverit
952 1063 1210 1107 Testatorem
1232 1074 1237 1096 ἕ
1257 1073 1286 1104 tl
1320 1063 1461 1105 Titius
1489 1061 1545 1104 (9⁴
1575 1062 1745 1104 Mevius
1775 1064 1876 1105 mihi
1906 1063 2060 1106 heredes
2067 1063 2213 1117 sunt03
2234 1063 2300 1107 vel

168 1132 321 1177 scivisse
369 1146 455 1174 rem
487 1143 578 1173 eam
609 1126 683 1171 effe
713 1125 939 1179 obligatam
964 1137 974 1162 t
1023 1121 1207 1174 alioquin
1231 1098 1436 1163 th'tio&
1458 1120 1605 1162 Maevio
1613 1117 1784 1172 fundum
1802 1120 2299 1177 Cornelianumrelinquo-.

169 1187 410 1245 Legatarius
459 1186 620 1242 propria
666 1182 863 1238 pecunia,
895 1193 984 1222 rem
1013 1193 1105 1221 eam
1140 1166 1237 1235 fibi}
1309 1177 1492 1219 Secunda
1542 1177 1595 1219 est
1627 1175 1864 1224 coniunctio
1896 1192 1938 1220 re
1969 1190 2139 1221 tanturn·
2169 1208 2184 1232 ,
2224 1193 2298 1220 ve-

167 1246 348 1304 legatam
381 1244 550 1288 liberare
583 1241 764 1297 pignoris
795 1253 904 1281 nexu
935 1235 1120 1279 debebit.
1255 1232 1329 1275 luti
1372 1234 1513 1276 Titius
1553 1234 1653 1275 mihi
1682 1234 1789 1276 heres
1817 1232 1890 1288 esto
1928 1250 1947 1286 ;
1989 1235 2160 1278 Mevius
2190 1235 2297 1278 heres

226 1306 284 1349 At
331 1303 359 1346 fi
392 1317 478 1346 rem
508 1300 688 1344 alienam
720 1296 790 1340 fibi
824 1295 1000 1349 legatam
1034 1295 1203 1347 Legata-
1251 1289 1359 1345 esto;
1393 1291 1460 1333 vel
1488 1292 1599 1332 Titio
1630 1289 1800 1344 fundum
1830 1291 2103 1344 Tusculanum
2132 1292 2210 1345 da,
2240 1292 2296 1334 le-

167 1361 251 1406 rius
282 1360 515 1406 consecutus
547 1355 668 1400 fuerit
699 1353 764 1398 vel
794 1367 843 1396 ex
873 1350 1095 1393 donatione
1119 1351 1203 1391 Do·
1226 1364 1231 1395 ι
1247 1363 1294 1404 go
1321 1363 1332 1399 3
1363 1348 1513 1390 Maevio
1547 1349 1708 1391 eundem
1725 1346 1901 1401 fundum
1929 1349 1979 1391 do
1997 1380 2010 1400 ‚
2041 1350 2122 1405 lego
2142 1380 2154 1391 .

166 1418 273 1462 mini
314 1416 382 1461 vel
415 1411 750 1469 legatoiejusdem
777 1442 789 1463 ‚
831 1407 896 1452 vel
927 1422 976 1450 ex
1006 1421 1201 1469 quacum·
1318 1405 1464 1448 Tertia
1512 1405 1566 1447 est
1614 1404 1851 1455 coniunctio
1897 1405 2029 1449 verbis
2077 1417 2241 1449 tantum
2276 1435 2292 1458 ,

165 1491 243 1533 que
273 1474 352 1518 alia
383 1473 497 1517 causa
531 1470 756 1520 lucrativa,
788 1467 901 1509 heres
933 1480 1014 1508 non
1042 1476 1203 1519 cogitur
1251 1459 1378 1504 veluti
1409 1463 1567 1504 Titium
1592 1494 1605 1514 ‚
1646 1461 1702 1505 <J
1732 1462 1932 1505 Maevium
1963 1464 2083 1517 aequis
2106 1463 2294 1518 partibus

159 1532 246 1585 ejus
276 1529 584 1575 aestimationem
617 1525 831 1582 Legatario
862 1522 1038 1578 praestare
1065 1538 1074 1561 ε
1109 1521 1202 1575 quia
1251 1519 1405 1561 heredes
1433 1518 1624 1573 institu03
1656 1520 1723 1561 vel
1751 1521 1890 1572 Timo,
1922 1517 1979 1562 (J
2011 1521 2161 1563 Maevio
2174 1520 2297 1574 aequis

162 1590 249 1634 duae
279 1588 401 1632 causae
433 1585 639 1631 lucrativae
670 1584 715 1626 in
747 1580 932 1625 eamdem
962 1577 1200 1634 personam,
1243 1577 1427 1632 partibus
1451 1575 1624 1629 fundum
1652 1576 1925 1629 Tufisulanum
1953 1577 2028 1630 do,
2060 1578 2140 1632 lego
2159 1608 2169 1619 .
2203 1575 2293 1618 Ubi

164 1647 206 1690 &
239 1647 377 1690 eadem
409 1660 447 1688 re
471 1656 710 1687 concurrere
725 1649 959 1695 nequeunt3
990 1635 1095 1679 unde
1112 1646 1197 1677 tum
1222 1665 1229 1676 ,
1250 1633 1425 1676 nascitur
1465 1632 1670 1676 distinRio
1714 1633 1769 1677 rei
1800 1648 1851 1677 ex
1887 1634 2017 1677 verbis
2047 1634 2166 1690 aequis
2193 1643 2290 1687 par—

164 1716 327 1747 tantum
373 1701 682 1744 aestimationem
726 1697 776 1740 ab
808 1695 948 1739 herede
981 1692 1198 1747 conseque·
1221 1677 1353 1764 {tibus
1373 1722 1384 1744 ,
1428 1691 1571 1746 quibu-s
1603 1692 1649 1733 fit
1682 1692 1731 1733 ab
1761 1689 1845 1745 ipso
1875 1691 2086 1734 Testatore
2117 1688 2260 1732 divisio
2281 1719 2295 1732 .

165 1773 258 1814 tur,
289 1759 449 1815 quando
482 1756 713 1812 Legatarius
745 1752 861 1796 illam
894 1748 1199 1803 ante·emerit;
1222 1765 1228 1800 ·,
1249 1749 1369 1790 Unde
1405 1748 1526 1803 primi
1560 1749 1754 1790 dicuntur
1785 1746 1992 1797 conjunffi
2026 1763 2066 1790 re
2093 1778 2106 1799 ‚
2138 1747 2181 1789 8<
2211 1746 2296 1790 dis-

164 1818 230 1860 vel
285 1833 332 1859 ex
375 1815 454 1858 alia
500 1814 612 1858 causa
655 1810 822 1855 onerosa
853 1807 1150 1863 comparaverit
1189 1802 1374 1861 ,ijunc‘ti
1419 1805 1550 1848 verbis
1594 1820 1606 1857 3
1665 1803 1804 1847 Tertii
1847 1804 2038 1847 dicuntur
2081 1801 2292 1855 conjurasti

165 1876 222 1917 Et
271 1873 294 1915 si
338 1872 512 1916 duorum
554 1867 808 1914 testamentis
849 1865 944 1921 quid
985 1864 1107 1907 alicui
1144 1862 1376 1907 le-lverbis
1406 1874 1569 1905 tantum
1592 1894 1602 1904 .

164 1943 281 1987 getur
312 1962 324 1983 ,
357 1942 445 1972 tum
477 1944 525 1973 ex
558 1927 722 1970 alterius
753 1924 993 1968 testamento
1027 1920 1194 1975 Legata·
1221 1910 1227 1934 ¹
1315 1920 1525 1968 Quoniam
1567 1932 1705 1962 autem
1749 1919 1793 1961 in
1838 1916 1982 1973 legatis
2031 1916 2289 1972 permittitur

163 1989 244 2031 rius
277 1999 408 2041 petere
441 1984 590 2041 poterit
623 1998 708 2027 rem
733 2014 746 2035 ,
778 1980 805 2025 si
840 1996 889 2024 ex
921 1979 1048 2022 altero
1083 1978 1195 2020 testa·
1247 1988 1401 2031 partem
1449 1977 1663 2032 agnoscere
1697 2008 1708 2029 ,
1752 1978 1912 2029 'partem
1955 1974 2161 2029 repudiare
2192 1989 2204 2027 3
2247 1974 2291 2015 ἃ.

160 2056 306 2088 mento
337 2056 499 2086 tantum
530 2040 840 2086 aestimationem
873 2035 1196 2080 fueritconsecu-
1220 2046 1225 2100 Ι
1246 2049 1332 2086 pars
1366 2033 1591 2088 legatorum
1608 2031 1816 2088 repudiata
1834 2031 1950 2075 caedit
1970 2030 2134 2084 heredi,
2159 2045 2295 2086 quan.-

163 2115 225 2153 tus
250 2134 261 2155 ‚
295 2116 392 2144 narn
424 2100 468 2143 in
500 2096 767 2142 aestimatione
799 2109 860 2138 res
892 2108 977 2136 non
1011 2091 1196 2136 contine·
1218 2091 1293 2154 {do
1325 2090 1431 2133 inter
1464 2090 1698 2146 Legatarios
1731 2105 1815 2132 non
1849 2089 2027 2132 versatur
2057 2087 2118 2139 jus
2147 2102 2284 2130 accre-

161 2170 226 2204 tur
256 2190 269 2211 ‚
301 2158 361 2200 sed
403 2155 614 2201 aessimatio
646 2155 689 2198 in
720 2168 789 2205 re;
822 2163 1136 2207 proptereaque,
1170 2149 1196 2191 fi
1221 2147 1375 2190 iscendi
1407 2163 1418 2200 3
1460 2161 1669 2204 propterea
1717 2146 1942 2201 plurimum
1977 2144 2098 2189 refert
2131 2160 2291 2200 cogno-

159 2232 209 2259 ex
242 2230 325 2258 uno
355 2215 593 2257 testamento
624 2226 709 2256 rem
741 2209 929 2253 habuerit
954 2239 967 2262 ,
1010 2223 1094 2250 non
1128 2222 1195 2262 po-
1218 2193 1348 2248 {scere
1398 2220 1523 2260 genus
1565 2203 1866 2256 conj-„metionis
1892 2235 1904 2256 ‚
1953 2219 2035 2259 quo
2080 2200 2288 2257 Legatarii

161 2273 231 2316 test
263 2287 312 2315 ex
344 2271 470 2314 altero
502 2269 810 2313 aestimationem
843 2277 1001 2322 petere·
1220 2249 1465 2327 {metuntur
1499 2278 1510 2316 3
1545 2275 1588 2306 ut
1620 2263 1727 2306 inter
1758 2277 1826 2304 eos
1858 2259 1918 2312 jus
1949 2258 2200 2304 accrescendi
2230 2257 2287 2301 ef-

220 2332 300 2372 Res
336 2360 348 2382 ‚
396 2343 482 2383 quae
525 2328 567 2370 in
611 2340 743 2370 reru-m
788 2335 932 2367 natura
976 2336 1060 2365 non
1108 2320 1198 2364 sunt
1245 2320 1282 2364 se
1310 2352 1323 2373 ‚
1355 2319 1418 2363 vel
1454 2335 1537 2363 non
1570 2318 1643 2363 esse
1674 2318 1940 2373 cognoscatur
1968 2350 1979 2360 .

157 2387 217 2430 sed
262 2385 334 2429 esse
377 2385 534 2440 possunt
560 2417 574 2439 ‚
618 2373 861 2427 ut'frustus
905 2379 1018 2423 fundi
1048 2411 1062 2433 ‚
1092 2378 1196 2422 reE’te
1306 2377 1439 2433 Igitur
1470 2409 1482 2431 ,
1533 2376 1560 2419 fi
1595 2376 1728 2432 plures
1760 2372 2079 2425 fintfconjunffi
2112 2387 2156 2415 re
2181 2402 2192 2424 ,
2241 2371 2282 2414 8!

163 2443 375 2499 legantur.
1247 2435 1375 2478 verbis
1400 2467 1412 2487 ‚
1444 2450 1533 2490 pars
1563 2434 1752 2477 deficiens
1772 2464 1783 2484 ‚
1816 2432 1881 2476 vel
1915 2429 2120 2495 repudiata
2147 2429 2290 2471 omni-

1246 2493 1317 2535 bus
1358 2492 1547 2535 accrescit
1597 2507 1669 2555 pro
1709 2502 1822 2546 parte
1869 2489 1992 2544 legati
2016 2486 2155 2550 ‘agniti
2189 2518 2201 2539 ,
2235 2487 2279 2529 &

238 2558 283 2601 T
343 2558 363 2600 1
423 2557 467 2598 T
525 2557 569 2598 U
632 2557 665 2598 L
722 2554 764 2595 U
825 2553 853 2595 S
958 2551 1108 2595 XVII.
1243 2565 1339 2593 cum
1380 2565 1546 2603 onere,
1589 2564 1683 2604 quia
1723 2563 1771 2590 ex
1821 2545 2046 2588 deficientis
2078 2543 2286 2600 persona,

1243 2606 1307 2651 cui
1355 2607 1409 2649 est
1451 2606 1724 2657 conjunaus,
1776 2618 1867 2646 eam
1917 2602 2084 2665 quisque
2118 2613 2278 2664 partem

428 2672 494 2714 De
518 2671 614 2723 Iure
642 2667 909 2722 accrescendi.
1243 2662 1351 2718 capit
1379 2679 1388 2703 t
1434 2664 1522 2705 ideo
1555 2663 1686 2705 vicem
1723 2658 1924 2702 subeundo
1955 2659 2125 2701 alterius
2158 2674 2199 2700 m
2231 2673 2278 2700 ea

1242 2719 1431 2777 portione
1463 2719 1572 2763 illius
1604 2734 1726 2761 onera
1762 2716 1863 2760 ferre
1895 2717 2037 2768 debet.

281 2783 432 2828 Uando
464 2783 602 2826 eadem
636 2797 695 2825 res
726 2781 882 2837 legatur
902 2778 1108 2842 pluribu5‚
1138 2776 1193 2820 es·
1299 2776 1339 2819 Si
1371 2776 1514 2819 eodem
1546 2776 1591 2819 in
1626 2776 1763 2831 legato
1796 2774 1872 2817 sint
1906 2774 2038 2829 plures
2069 2769 2281 2822 conjunffl

302 2843 335 2886 se
369 2841 463 2884 solet
495 2841 602 2883 inter
631 2854 699 2882 eos
730 2854 787 2889 jus
817 2835 1093 2890 accrescendi,
1129 2850 1194 2889 per
1241 2833 1409 2889 quidem
1459 2849 1497 2876 re
1527 2866 1538 2888 ‚
1572 2834 1632 2877 sed
1665 2832 1796 2875 verbis
1827 2831 2014 2882 disjunffl
2053 2861 2065 2881 ‚
2098 2845 2184 2883 pars
2215 2830 2279 2871 ‹je-

154 2907 262 2959 quod
306 2901 347 2943 in
382 2898 538 2942 ultimis
570 2896 848 2940 voluntatibus
881 2909 1025 2938 vacam
1062 2893 1192 2948 portio
1242 2891 1435 2938 ficienttis
1466 2891 1656 2937 accrescit
1688 2889 1804 2934 alteri
1837 2922 1849 2945 ‚
1893 2888 2036 2945 absque
2068 2886 2153 2929 ullo
2185 2901 2283 2928 one-

2213 2957 2279 2985 re:

379 3088 494 3097 m.
501 3081 1188 3095 a-„-.--———-fflm--n-—u
1244 3072 2281 3095 maefflfflffl—.-ss-——--=—n—-q

197 3144 279 3189 (a)
307 3147 341 3176 ἰ,
372 3153 399 3175 2.
429 3146 462 3174 C.
490 3145 527 3176 de
552 3145 654 3183 legat.
682 3141 718 3173 r}-
747 3142 867 3173 Fam-'c
