2451 3470
269 94 291 128 Ζ
302 94 336 143 4

612 69 754 123 DE
834 66 1380 122 ROMANO
1460 70 2023 125 IMPERIO

256 143 771 198 1.·oluntatemcollet³tam;
795 140 915 196 fijam
934 143 1294 200 Augustuscrean-
1349 146 1537 199 Qiorum
1582 143 1729 188 fimilia
1773 162 1822 189 ex
1873 145 1960 200 lege
1993 143 2127 202 Regia
2160 152 2302 189 contra
2334 160 2397 190 ve-

255 207 374 263 dique
406 204 502 248 i-nde
537 205 743 257 Principes
764 234 779 254 ,
809 201 971 256 perinde
1001 218 1046 245 ac
1071 201 1194 245 futuri
1216 203 1293 243 Re-

253 281 351 323 ges,
384 264 470 318 lege
506 262 639 318 Regia
665 274 836 304 omnem
871 258 1020 314 populo
1054 259 1290 314 potestatem

250 341 297 368 ac
329 323 587 366 voluntatem
608 319 868 373 eripuerunt?
900 316 1092 360 Tandem
1107 316 1292 359 vell-lanc

251 383 448 426 habemus
482 379 610 434 legem
648 376 850 431 Regiam,
883 373 946 417 vel
977 373 1102 417 aliam
1137 372 1290 428 plenio-

253 456 369 484 rem.
400 440 441 480 Si
474 437 597 479 aliam
623 451 631 476 ε
667 434 785 476 cedo:
821 435 971 487 quam?
1007 432 1231 474 Hil'toricos
1251 431 1291 472 ὅ(

253 498 464 552 scriptores
498 495 520 536 li
555 490 838 536 excusserimus
870 488 1076 544 singulos,
1109 503 1158 531 ne
1176 487 1290 530 vesti-

252 556 366 611 gium
400 552 562 609 quidem
591 583 602 603 ‚
736 604 742 609 ·
855 603 860 609 .
1034 603 1040 610 Ι

249 613 305 656 &i
332 645 345 666 ‚
382 627 462 667 quo
495 607 654 651 nullum
689 603 820 647 fuisset
851 618 895 645 in
927 619 1042 645 omni
1079 605 1290 645 Romano-

250 686 341 714 rum
386 667 585 711 memoria
630 659 938 705 memorabilius
974 692 988 714 ‚
1039 661 1291 715 Reipublicae

253 726 455 770 nimirum
500 724 544 766 in
578 725 770 773 Regnum
818 733 902 760 non
937 717 1137 761 violenter
1169 718 1211 760 ὃς
1242 719 1290 760 ad

249 798 410 839 tempus
437 814 449 835 ,
495 781 553 824 sed
600 777 763 834 publica
804 775 892 830 lege
934 787 1074 818 contra
1107 776 1290 817 instituta

250 841 453 891 maiorum
498 849 692 894 perpetuo
745 833 989 876 transeuntis
1022 865 1031 874 .
1085 833 1288 887 Quorsum

248 912 437 955 praeterea
468 893 684 950 oportebat
729 890 961 945 Principem
994 891 1186 933 omnibus
1219 907 1289 946 po-

245 956 330 999 ouli
366 951 625 996 facultatibus
656 947 875 1000 indutum,
907 963 972 990 eas
1003 947 1159 990 iterum
1183 965 1289 1002 apo-

245 1000 340 1069 pulo
373 1010 584 1054 facultates
617 1005 893 1062 particulatim
923 1003 1133 1058 accipere:
1171 1017 1290 1059 prout

251 1068 381 1113 t'eciffe
435 1066 552 1117 hujus
607 1063 840 1108 testimonio
885 1061 1106 1117 fragmenti
1150 1062 1303 1117 palam·

246 1126 455 1171 evincitur
481 1128 506 1165 ,9
539 1122 650 1178 Quid
685 1121 792 1162 rivos
829 1119 1078 1173 seffiabanm
1108 1122 1175 1176 qui
1196 1120 1285 1162 fon-

241 1198 323 1227 tem
358 1183 487 1239 ipsum
521 1179 602 1232 jam
634 1178 918 1221 absorbuerat?
955 1180 1041 1219 Aut
1069 1178 1162 1233 quid
1184 1195 1285 1232 opus

241 1254 323 1285 erat
346 1237 669 1295 Imperatoribus
701 1235 893 1290 capess'ere
912 1235 1194 1278 Tribunitiam
1214 1252 1282 1290 po-

240 1300 421 1342 testatem
456 1295 621 1351 singulis
651 1294 798 1345 annisj,
831 1291 854 1333 fi
888 1308 981 1334 cum
1016 1292 1154 1347 populi
1191 1309 1276 1336 ma-

242 1356 372 1406 iestate
405 1355 486 1407 jam
519 1353 590 1396 illa
625 1350 797 1405 perierat
822 1381 838 1402 5
868 1349 910 1392 ὅ(
943 1349 1076 1392 multo
1107 1350 1284 1406 amplius

242 1413 433 1467 Princeps
481 1427 502 1455 e
535 1408 645 1464 regio
678 1407 760 1459 jure
793 1439 804 1460 ,
837 1422 959 1461 quam
991 1423 1012 1449 a
1045 1406 1282 1451 Tribunatu

238 1471 412 1514 ferebat?
447 1465 658 1524 Qiantula
690 1466 803 1508 enim
839 1464 971 1518 portio
1001 1463 1132 1506 fuisse—t
1167 1478 1281 1518 pote-

237 1529 343 1571 statis
371 1560 382 1581 ‚
415 1527 457 1570 <Sc
493 1524 706 1576 majestatis
741 1523 879 1576 Regiae
911 1520 1100 1571 Maiestas
1128 1522 1279 1565 Tribu-

237 1601 413 1637 norurn‚
445 1583 488 1626 ὃς
520 1581 774 1632 intercessio,
808 1580 884 1620 five
917 1582 954 1620 S.
981 1579 1276 1632 C-impedien-

237 1644 382 1687 dorum
418 1640 610 1691 facultas,
644 1652 730 1693 quae
760 1637 809 1678 ab
839 1652 887 1679 eo
920 1637 1150 1691 magistratu
1177 1653 1269 1692 prce-

236 1700 410 1743 stabatur
436 1702 448 1741 2
493 1699 581 1740 Cur
612 1694 733 1738 toties
761 1692 1010 1736 Consulatus
1044 1692 1277 1748 sulcipitbat

237 1759 427 1811 Princeps
455 1786 467 1806 ‚
510 1754 536 1797 fi
580 1752 667 1805 plus
711 1752 827 1807 regiae
872 1750 1073 1806 potestatis
1105 1751 1151 1793 ad
1183 1767 1276 1794 eum

233 1815 322 1871 lege
357 1812 487 1868 Regia
520 1821 758 1866 pervenerat
783 1839 794 1860 ‚
827 1824 948 1863 quam
993 1824 1013 1851 e
1046 1808 1275 1852 Consulatu

237 1872 321 1927 ipso
351 1871 642 1914 adduceretur?
676 1866 748 1909 Sin
782 1867 887 1908 bona
919 1865 993 1908 fide
1025 1881 1141 1921 agere
1175 1866 1274 1910 veli-

236 1944 329 1972 mus
358 1960 368 1982 ‚

1311 664 1317 707 1
1341 662 1460 704 ritate

401 1927 442 1970 ὅ(
477 1926 555 1969 fine
588 1924 839 1968 fraudatione
865 1955 877 1975 ,
910 1935 1028 1978 atque
1062 1939 1156 1966 curn
1188 1939 1274 1966 eru·
1325 1925 1410 1981 puli
1455 1925 1609 1968 aeribus
1654 1927 1867 1968 accedebat
1906 1957 1914 1967 .

1347 218 1456 256 giam
1504 203 1739 257 potestatem
1794 215 2036 258 argumenta
2079 204 2248 247 ducebat
2287 203 2394 247 olim

1354 259 1554 302 Nicolaus
1589 260 1796 304 Laurentii
1829 262 1872 303 F.
1922 261 2100 304 Romani
2134 261 2394 304 Tribunatus

1356 317 1596 360 instaurator
1622 350 1633 372 ‚
1677 318 1746 374 qui
1781 317 1942 374 prolato
1973 319 2014 362 in
2048 319 2251 364 concione
2282 319 2390 374 frag-

1348 388 1491 418 mento
1526 375 1623 429 isto,
1642 376 1682 417 P.
1717 378 1767 418 R.
1790 375 1965 430 gloriam
1986 376 2238 430 extollebat,
2267 388 2390 432 atque

1356 431 1583 475 clamaba-t:
1612 435 1677 475 En
1709 431 1999 487 testimoniu‘M,
2026 451 2072 476 ac
2101 445 2393 476 monumentum

1342 490 1444 546 γἰινζς
1477 488 1623 543 ‘ne-sbi,
1659 492 1863 542 Ouia-itas,
1895 492 1968 546 qui
1992 490 2070 543 suae
2083 492 2390 547 Imperatoribus

1656 531 1706 543 ‘N-

634 560 703 591 aut
735 561 888 589 nomen
921 545 1202 588 invenerimus
1234 545 1291 588 fa·
1344 548 1546 601 largitores
1576 547 1666 601 estis
1688 547 1914 604 potestatis.
1948 548 2119 603 [aJQuo
2139 549 2389 603 illealiisque

1341 605 1593 658 argumentis
1625 621 1646 649 e
1678 606 1842 661 publico
1873 605 1956 656 jure
1977 621 2022 648 ac
2050 617 2233 649 veterum
2248 606 2387 649 aufto-

1494 662 1631 717 petitis
1669 695 1684 717 ‚
1725 662 1884 719 publice
1919 662 2134 719 palamque
2167 665 2389 706 contende-

1341 720 1407 761 bat
1433 750 1444 771 ,
1480 735 1688 776 nunquam
1717 752 1733 774 ,
1773 736 1822 764 ne
1857 720 1923 763 suo
1954 721 2121 776 quidem
2153 731 2337 775 tempore
2378 732 2394 774 3

1344 778 1572 830 Imperium
1601 811 1613 830 ‚
1647 792 1854 833 utcunque
1886 778 1936 820 ab
1967 778 2118 821 exteris
2149 778 2386 821 nationibus

1343 833 1671 884 administratum
1705 868 1718 889 ,
1750 852 1771 878 a
1806 836 1954 891 populo
1989 837 2183 878 Rom-ano
2215 848 2333 890 atque
2365 851 2390 878 a

1339 891 1552 945 Capitolio
1583 892 1817 945 discessiffe3
1851 893 1962 944 cuius
1996 893 2204 936 sententia:
2232 892 2389 936 socium

1339 947 1481 991 habuit
1512 949 1697 1004 primum
1729 950 1973 993 eruditionis
2006 949 2142 992 latinae
2175 963 2385 1004 reparato-

1337 1021 1422 1048 rem
1456 1007 1716 1050 Fra-nciscum
1751 1006 2038 1059 Petrarcham‚
2071 1006 2141 1062 qui
2175 1021 2266 1049 eam
2291 1022 2386 1060 pro-

1336 1064 1475 1106 fitetur
1507 1064 1550 1107 in
1582 1063 1749 1120 epist-ola
1781 1081 1859 1120 qua
1894 1067 2134 1107 Romanum
2182 1064 2382 1119 populum

1336 1120 1383 1163 ad
1415 1120 1673 1165 liberatorem
1710 1122 1821 1165 fuum
1855 1138 1876 1166 e
1911 1121 2119 1173 vinculis,
2152 1121 2296 1175 quibus
2312 1122 2383 1165 de-

1337 1179 1542 1221 tinebatur
1569 1210 1581 1232 ‚
1613 1196 1688 1235 ope
1731 1193 1851 1234 atque
1896 1179 2136 1222 auftoritate
2173 1178 2334 1233 publica
2362 1210 2377 1232 ‚

1340 1237 1596 1292 precibusque
1629 1237 1754 1279 totius
1787 1236 1926 1293 populi
1959 1235 2215 1279 liberandum
2241 1236 2385 1278 horta-

1336 1305 1403 1336 tur
1426 1325 1434 1335 .
1467 1295 1553 1347 {b}
1584 1296 1643 1336 At
1676 1296 1773 1350 quin
1807 1295 1822 1347 [
1855 1294 2062 1348 excipient
2095 1292 2222 1348 aliqui
2256 1293 2278 1346 J
2306 1310 2382 1346 ea,

1333 1366 1421 1405 quae
1450 1365 1561 1394 certa
1599 1351 1684 1407 lege
1717 1353 1976 1404 tribuuntur,
2005 1350 2078 1394 etsi
2105 1366 2187 1393 non
2209 1351 2381 1401 veniant

1333 1407 1416 1458 jure
1449 1408 1734 1464 magistratus,
1768 1409 1823 1466 [c]
1857 1409 1905 1451 ad
1936 1409 2094 1453 eosdem
2112 1420 2281 1461 tamen,
2308 1423 2384 1464 per

1334 1465 1366 1507 se
1389 1497 1401 1517 ,
1437 1465 1694 1522 magistratus
1726 1467 1934 1510 transeunt
1963 1498 1975 1519 ,
2020 1480 2140 1521 atque
2174 1465 2254 1521 ipsa
2289 1465 2379 1521 lege

1331 1522 1569 1566 deseruntur
1601 1523 1681 1568 sine
1717 1540 1824 1566 nova
1858 1523 2000 1578 populi·
2032 1522 2274 1566 voluntate:
2309 1538 2381 1566 ve-

1331 1580 1404 1622 luti
1436 1580 1545 1624 datio
1579 1583 1722 1623 tutoris
1757 1597 1838 1623 non
1867 1581 2065 1633 competit
2086 1581 2249 1635 quidem
2272 1580 2376 1622 Prae-

1331 1638 1485 1680 toribus
1513 1638 1595 1688 jure
1629 1639 1883 1694 magistratus
1919 1670 1930 1690 ‚
1965 1639 2026 1681 sed
2055 1653 2105 1681 ex
2140 1637 2228 1693 lege
2262 1637 2382 1680 Atti-

1331 1694 1381 1736 lia
1411 1727 1423 1748 ,
1466 1696 1555 1747 (d)
1613 1712 1707 1739 cum
1751 1711 1846 1739 ante
1893 1696 2025 1751 legem
2060 1695 2174 1738 illam
2208 1710 2257 1738 eo
2290 1693 2376 1746 jure

1335 1752 1526 1796 Praetores
1568 1768 1651 1795 non
1696 1754 1926 1810 potirentur
1962 1768 1974 1806 3
2025 1754 2079 1795 Et
2124 1764 2262 1796 tamen
2294 1751 2380 1804 ejus

1330 1809 1429 1865 legis
1462 1811 1652 1865 potestate
1687 1810 1744 1861 jus
1773 1811 1998 1853 dandorum
2020 1824 2234 1863 tutorum,
2268 1825 2378 1853 crea-

1328 1868 1379 1910 tis
1409 1867 1603 1911 omnibus
1649 1869 1888 1911 Praetoribus
1920 1899 1932 1919 ‚
1980 1868 2125 1922 absque
2158 1869 2274 1910 novis
2303 1883 2377 1922 po-

1964 1925 2120 1979 Quidni
2169 1925 2297 1980 igitur
2328 1925 2373 1968 &

233 1986 326 2030 ditis
371 1983 568 2040 plerisque
615 1983 691 2024 hoc
741 1980 1018 2036 fragmentum
1053 1980 1171 2024 unice
1204 1996 1278 2037 pro
1332 1982 1395 2025 lex
1442 1982 1572 2039 Regia
1616 1983 1736 2026 semel
1783 1984 1865 2027 lata
1908 1983 2145 2037 potestatem
2176 2014 2188 2034 ‚
2252 1996 2375 2038 atque

236 2046 340 2106 Lege
376 2042 503 2096 Regia
540 2040 805 2094 recipiemus3
841 2053 925 2080 non
956 2038 1118 2081 aliunde
1151 2054 1275 2093 quarn
1325 2038 1574 2090 majestatem
1619 2054 1815 2106 perpetuo
1862 2039 2083 2084 detraclam
2127 2038 2279 2095 populo
2322 2039 2373 2082 ad

233 2102 363 2155 Regia
395 2099 441 2141 de
476 2100 581 2152 Lege
614 2107 904 2151 argumentum
937 2094 1145 2138 trahemus
1177 2095 1273 2139 illu-

233 2158 344 2200 strius
375 2157 421 2198 ad
455 2155 607 2211 regiam
644 2153 880 2209 potestatem
901 2153 1167 2195 evertendam
1186 2185 1199 2207 ,
1230 2153 1274 2196 ἃ

236 2214 485 2265 majestatem
518 2210 724 2266 pristinam
758 2210 888 2253 adhuc
923 2210 989 2252 sub
1024 2212 1205 2264 Imperio
1230 2212 1271 2253 in

233 2273 383 2314 Senatu.
410 2302 422 2323 ‚
465 2269 507 2312 δί
542 2267 690 2323 populo
721 2267 1017 2310 continendam
1046 2299 1054 2309 .
1102 2269 1192 2321 Qua
1225 2268 1271 2312 de

235 2329 451 2384 potestate,
484 2342 529 2368 ac
561 2325 762 2376 majestate
797 2324 927 2380 plures
961 2325 1170 2379 particulae
1199 2341 1270 2368 no-

230 2386 426 2430 minatim
460 2382 724 2426 conferuntur
755 2382 797 2424 in
831 2384 1106 2438 Imperatores
1135 2382 1269 2438 fingu—

234 2443 322 2496 los,
355 2457 419 2486 eas
450 2457 556 2483 nova
590 2440 675 2493 lege
712 2439 983 2495 suscepturos:
1016 2439 1110 2496 quia
1143 2456 1271 2497 neque

231 2516 326 2545 cum
351 2499 532 2554 Imperio
566 2497 737 2540 militari
770 2496 1166 2552 commiscebantur,
1201 2513 1268 2540 ne-

232 2574 310 2615 que
343 2556 651 2613 egrediebantur
676 2554 1166 2610 fingulaslmperatorum
1182 2571 1268 2610 per-

230 2617 347 2658 sonas
377 2632 385 2655 :
421 2612 611 2669 exemplo
646 2612 817 2667 Imperii
853 2613 993 2666 meri,
1036 2613 1142 2668 quod
1174 2629 1269 2656 curn

231 2673 321 2728 lege
366 2672 480 2714 detur
506 2703 518 2723 ‚
567 2685 696 2726 neque
740 2685 833 2712 cum
877 2669 1151 2720 jurisdie‘tione
1184 2686 1268 2712 ma-

229 2731 413 2786 gistratus
446 2727 736 2780 confunditur,
769 2742 896 2781 neque
929 2743 950 2769 a
971 2727 1267 2782 magistratibus

229 2787 338 2832 illud
369 2786 663 2842 accipientibus
688 2800 783 2828 cum
808 2784 900 2828 aliis
915 2785 1270 2828 communicatur.

670 2923 733 2932 --—-
1056 2924 1156 2934 ——-

269 2958 350 2999 (a)
388 2957 467 2989 Vita
493 2958 626 2989 Nico-lai
662 2957 838 2988 Laurentii
874 2951 916 2988 F.
942 2958 1092 2999 populari
1114 2957 1185 2993 ejus
1209 2958 1270 2990 aevi

225 3004 344 3046 lingua
370 3002 547 3043 tonsoripea
574 3004 631 3034 hae:
674 3000 767 3033 babet
791 3012 802 3032 .·
843 3003 952 3035 Postea
987 3012 1026 3033 en
1051 3011 1174 3043 quanta
1199 3011 1268 3034 erat

225 3047 475 3091 magnificentia
500 3049 638 3079 Senatus
662 3048 681 3083 ζ
705 3044 792 3078 dixit
818 3044 828 3080 J
857 3047 912 3090 qui
936 3044 1173 3079 austeritatem
1199 3049 1266 3079 Im-

223 3094 318 3139 perio
348 3092 514 3126 tribuebat
544 3112 553 3121 ·
591 3090 748 3134 chm'ncr
774 3087 934 3129 historicus
967 3101 979 3130 ,-
1005 3088 1083 3123 Inde
1110 3091 1265 3133 seriptum

225 3137 359 3176 recitari
399 3137 466 3176 iussi
492 3136 682 3180 pastionum
709 3157 720 3176 ,
759 3134 787 3168 ἃ
813 3135 1020 3171 authoritatis
1047 3158 1058 3178 :
1083 3146 1180 3179 quam
1208 3145 1259 3178 po-

1325 2096 1481 2140 futuros
1527 2096 1733 2155 Principes
1776 2114 1845 2154 per
1890 2098 1923 2141 se
1968 2097 2232 2140 transmiserit
2277 2097 2373 2140 uni—

1325 2154 1482 2198 versos?
1515 2157 1605 2199 Hos
1635 2171 1717 2212 quo
1747 2172 1769 2199 a
1803 2155 1918 2198 nobis
1949 2170 2239 2208 amoveamus,
2279 2153 2371 2198 satis

1320 2211 1398 2254 erit
1431 2227 1570 2266 rogare
1598 2245 1611 2268 ,
1643 2227 1688 2257 ut
1718 2213 1846 2258 oculis
1879 2225 2044 2256 utantur
2065 2244 2078 2267 ,
2109 2211 2370 2256 animadver-

1324 2281 1455 2312 tentes
1486 2301 1498 2322 ‚
1542 2286 1625 2313 non
1669 2286 1906 2326 perpetuam
1940 2270 2047 2327 hanc
2078 2269 2152 2313 effe
2185 2269 2320 2324 legem
2353 2300 2368 2324 ‚

1320 2342 1398 2382 qua
1453 2325 1541 2379 jura
1596 2328 1665 2371 ista
1710 2329 2030 2384 Imperatoribus
2083 2327 2322 2370 tribuuntur
2353 2358 2367 2380 ,

1323 2385 1382 2427 sed
1426 2386 1716 2441 temporariam
1752 2418 1763 2438 ‚
1819 2386 1862 2429 ἃ
1905 2383 2172 2441 temporarias
2219 2400 2270 2431 ex
2322 2400 2369 2427 ea

1321 2442 1533 2497 procedere
1595 2444 1805 2498 potestates
1846 2474 1858 2496 ‚
1946 2457 2032 2485 non
2092 2443 2370 2496 Imperatorio

1319 2499 1526 2554 muneri,
1570 2500 1630 2544 sed
1675 2502 1797 2544 certis
1837 2499 2089 2556 propriisque
2138 2500 2373 2555 Imperato-

1320 2573 1412 2600 rum
1472 2558 1710 2602 nominibus
1747 2590 1771 2612 ‚.
1815 2557 1980 2600 traditas
2017 2588 2029 2610 ,
2089 2568 2220 2600 morte
2279 2556 2372 2600 illo·
2429 2590 2433 2591 ν

1321 2630 1410 2657 rum
1442 2614 1492 2657 ad
1525 2631 1676 2658 venam
1707 2630 1849 2658 earum
1893 2613 2091 2669 populum
2127 2614 2324 2658 redituras
2358 2646 2372 2668 ‚

1323 2685 1510 2728 novaque
1563 2672 1777 2716 voluntate
1836 2671 1958 2728 ipsius
2025 2671 2163 2726 populi
2211 2702 2223 2724 ‚
2293 2687 2371 2715 no·-

1319 2745 1391 2773 vus
1432 2729 1480 2772 ad
1543 2729 1755 2785 Principes
1810 2728 2117 2784 proferendas:
2170 2744 2266 2773 cum
2313 2728 2373 2772 lea

1317 2803 1365 2843 ge
1419 2785 1570 2830 Attilia
1634 2787 1752 2831 nullo
1813 2799 1999 2842 ternpore
2063 2785 2370 2885 circumscrlipta

2303 2859 2374 2886 rae-

1650 2925 1840 2935 ψ-..-

1318 2957 1412 2997 pulus
1449 2959 1618 2990 Romanus
1651 2941 1851 3001 'Vespasiano
1892 2960 2091 3001 imperatori
2133 2959 2335 2992 concedebat
2360 2979 2372 2998 2

1316 3006 1353 3032 &⁴
1379 3001 1525 3044 deinceps
1552 3010 1640 3045 pag..
1653 3013 1703 3040 ²4·

1368 3045 1440 3089 (b)
1465 3048 1500 3078 in
1524 3047 1583 3080 lib.
1612 3046 1699 3088 epis}
1719 3047 1781 3082 sine
1802 3049 1860 3082 εἰσ,
1883 3045 1968 3089 epist.
1993 3059 2025 3086 4.

1362 3098 1369 3130 ι
1389 3091 1433 3127 c]
1460 3092 1494 3122 L.
1516 3090 1592 3136 ¹·ff·
1611 3094 1648 3124 cie
1662 3092 1742 3135 effic.
1762 3095 1830 3131 εγω
1847 3115 1858 3133 ,
1884 3093 1936 3125 cui
1961 3092 2119 3127 mandata
2145 3090 2189 3133 eff
2207 3091 2328 3134 jurisd.

1359 3137 1378 3175 «ἦ
1397 3136 1417 3168 a!
1438 3135 1457 3175 *J
1486 3135 1597 3178 lnssit.
1619 3138 1656 3171 de
1672 3140 1837 3173 Aetilian.
1857 3148 1921 3171 tut.
