2451 3470
663 107 1757 165 ORATIONES.
2197 137 2268 184 91

136 178 361 233 Cocceium
400 210 412 232 ‚
446 179 691 234 Merillum‚
723 183 947 225 Mar-anum
970 213 982 235 ,
1018 183 1170 225 Rober-
1224 181 1422 237 plicandis
1453 182 1737 238 posterioribus
1771 181 2021 246 Plebiscitis,
2055 198 2125 250 aut
2142 189 2272 237 Sena-

131 249 247 290 tum,
281 237 574 291 Charondam,
608 238 800 291 Zffium,
832 239 1007 293 aliosque
1025 254 1170 281 nume·
1193 220 1198 297 l
1219 239 1476 282 tusconsultis
1507 271 1519 293 ,
1562 252 1631 283 aut
1666 240 1887 282 Praetorum
1909 297 1915 304 Ι
1936 241 2130 305 Εάςέῑις)
2170 264 2272 304 (1ρο-

130 311 175 337 ro
191 294 423 349 potiusillis
440 295 639 348 majores,
671 311 792 350 quam
824 296 1004 337 doffirina
1025 298 1167 347 pares?
1191 299 1197 394 ι
1220 310 1309 337 rum
1355 296 1609 352 temporibus
1647 297 1761 339 aus'ta
1794 295 2067 360 multitudine
2098 316 2159 350 jus
2188 321 2266 349 cae..

186 353 287 394 Non
331 365 469 394 tamen
502 352 599 395 adeo
633 351 766 394 Italiae
797 352 899 394 vetit
932 350 1040 394 male
1067 383 1078 403 ‚
1126 364 1168 393 ut
1218 352 1276 405 pit
1308 353 1381 396 esse
1413 354 1609 397 remissius
1645 353 2027 417 atque-beurgum&
2062 372 2147 412 quo
2166 360 2267 406 faci.

126 409 266 453 omnis
309 411 403 452 cum
448 408 612 452 Alciato
657 412 723 450 luo
765 408 1089 462 Jurisprudentia
1122 395 1294 450 in¹lius
1336 410 1383 452 ad
1426 423 1585 453 tantam
1632 410 1900 466 ingeniorum
1933 424 2061 475 atque
2098 429 2269 464 morum

125 466 278 510 alienas
309 480 437 509 terras
469 465 753 520 commigrant
776 496 786 506 .
820 467 936 507 Nam
969 465 1065 508 dum
1090 465 1165 508 'hic
1216 465 1454 510 varietatem
1488 467 1742 511 flefiteretur:
1776 483 1908 532 neque
1942 467 2270 535 libertatistem-

121 525 158 567 ei
191 523 329 578 quieto
364 524 496 566 vivere
530 523 645 565 licuit
675 537 721 564 ac
757 522 955 564 Bononiae
976 521 1164 571 juventu·
1214 537 1310 576 pora
1332 523 1421 566 satis
1441 523 1593 568 fuerint
1615 525 1874 589 explicandis
1897 528 2145 583 Principum
2166 547 2270 576 con-

122 593 253 624 tntcm
286 579 469 631 erudire,
507 579 636 631 plures
671 579 826 633 peperit
862 579 1077 621 selcc'tioris
1094 580 1163 622 do·
1215 579 1515 635 stimflonibus,
1546 583 1694 638 quibus
1712 598 1812 626 novt
1834 585 2122 641 magistratus,
2156 603 2264 634 nova

119 638 261 680 &rinae
296 635 628 687 iurisconsultos‚
661 635 730 677 etsi
763 637 972 678 nerninem
1004 636 1162 691 prorsus
1213 651 1382 679 munera
1402 669 1415 691 ,
1448 638 1627 693 novique
1658 641 1762 684 ritus
1792 643 1914 685 novis
1946 643 2155 688 vocabulis
2186 661 2259 690 ex-

119 710 214 738 curn
247 681 418 744 cujacio
450 692 771 744 comparandum
802 722 811 733 .
845 691 1060 735 Excelluit
1091 708 1162 735 au·
1211 693 1448 746 primuntur
1474 726 1485 738 .
1532 695 1643 750 Quid
1685 697 1731 741 de
1766 697 1962 744 varietate
1994 702 2257 757 negotiorum

117 765 201 794 tem
246 752 287 793 in
332 750 474 803 primis
517 748 731 790 Antonius
761 749 1014 801 Augustinus
1047 781 1058 801 ‚
1091 749 1161 803 qui
1210 749 1372 802 dicam,
1398 767 1488 806 quae
1506 755 1744 798 varietatem
1766 756 1920 810 peperit
1942 763 2119 802 vocum?
2152 776 2253 816 qua-

119 823 258 850 ortum
290 807 453 860 quidem
469 804 516 847 ad
532 803 730 857 Hispania
749 805 899 855 traxit,
933 805 1160 848 dofi’trinam
1211 820 1302 849 rum
1348 806 1503 853 sensum
1534 808 1564 851 fi
1593 809 1738 867 absque
1772 812 2005 871 Philologia
2040 816 2257 873 vestigabi-

115 881 211 907 vcro
257 863 302 905 &
347 862 526 917 gloriam
568 861 618 903 ab
650 860 772 903 Italia
799 893 808 904 .
843 863 985 917 Quam
1018 875 1159 906 autem
1210 878 1301 906 mus
1331 865 1497 919 perinde
1531 864 1683 919 fuerit,
1715 884 1762 912 ac
1792 869 1818 912 fi
1851 887 2051 919 conemur
2081 874 2163 918 fine
2184 891 2247 920 re-

113 920 310 963 Bononiae
342 918 410 961 sub
442 917 608 961 Alciato
641 917 851 961 scientiam
883 920 998 964 auxit
1029 953 1042 974 ‚
1091 920 1159 963 ad-
1209 920 1288 962 mis
1321 921 1507 979 velisque
1538 925 1731 980 navigare
1757 958 1768 968 .
1811 929 1923 973 Cum
1955 944 2093 975 autem
2128 945 2246 978 tanta

111 978 228 1020 duxit
258 976 304 1018 in
339 976 475 1018 forum
509 978 778 1027 Romanum,
811 976 878 1019 ubi
913 977 1021 1021 inter
1050 978 1152 1021 duo·
1183 977 1384 1021 ieruditio
1429 979 1505 1031 juri
1539 981 1654 1025 civili
1687 983 1929 1030 advolvatur
1952 1018 1964 1039 ‚
1996 990 2202 1043 poteritne
2232 1024 2248 1046 ,

109 1035 240 1077 decim
275 1032 382 1076 viros
415 1033 553 1074 litibus
585 1031 806 1083 judicandis
843 1065 854 1085 ‚
904 1050 1006 1089 quos
1039 1038 1157 1078 Rorae
1182 1026 1274 1103 {qui
1312 1035 1450 1091 legum
1484 1038 1607 1083 studia
1638 1042 1904 1096 contemnit,
1937 1060 1982 1087 ea
2013 1046 2248 1094 eruditione

108 1092 329 1135 Audgtores
376 1090 584 1143 appellant
614 1121 625 1141 ‚
675 1105 696 1131 a
747 1091 942 1134 pontifice
992 1092 1116 1135 lestus
1143 1124 1155 1144 ,
1181 1107 1288 1155 jnon
1335 1109 1470 1138 carere
1497 1127 1508 1149 ‚
1552 1109 1622 1139 aut
1653 1097 1722 1153 qui
1754 1113 1801 1140 ea
1831 1101 2061 1146 eruditione
2094 1119 2203 1148 caret
2229 1139 2243 1159 ‚

108 1148 332 1202 collegium
366 1146 548 1189 doctrina
581 1146 896 1191 celeberrimum
929 1151 1044 1192 auxit
1066 1150 1148 1206 ipse
1205 1148 1293 1191 satis
1325 1151 1532 1196 cruditum
1568 1153 1647 1197 sese
1673 1153 1839 1209 gloriari
1865 1161 1890 1198 Ρ
1921 1158 2059 1213 Quid?
2093 1163 2244 1207 Orato-

106 1200 229 1247 nova
258 1204 500 1258 ingentique
545 1203 676 1258 gloria
705 1235 714 1245 .
761 1205 852 1247 Nec
884 1206 997 1250 enim
1030 1206 1152 1250 civile
1203 1221 1262 1249 res
1297 1219 1539 1261 poteruntne
1570 1209 1652 1254 fine
1684 1210 1822 1255 fraude
1847 1214 2237 1265 Jurisconsultorurn

108 1262 231 1305 modo
275 1260 333 1312 jus
384 1260 600 1315 profanum
632 1293 642 1312 ,
676 1260 736 1302 sed
768 1261 811 1305 &
846 1263 999 1308 lacrum
1032 1279 1152 1321 atque
1202 1262 1376 1325 lefflone
1407 1266 1601 1310 abstinere
1624 1299 1637 1321 ‚
1682 1283 1858 1324 quorum
1892 1271 1984 1316 libri
2017 1276 2123 1319 mira
2155 1293 2247 1322 ma-

106 1333 278 1362 omnem
300 1333 421 1372 prope
445 1320 680 1367 Romanam
701 1319 992 1375 antiquitatem
1008 1339 1150 1367 emen-
1197 1320 1334 1370 Jestate
1367 1335 1485 1378 atque
1508 1323 1715 1379 splendore
1730 1324 1964 1372 collucent?
2005 1332 2113 1383 Quid
2128 1336 2243 1378 enim

106 1375 217 1419 davit
244 1407 252 1415 .
296 1375 388 1417 Nec
421 1374 694 1416 dostrinarum
731 1388 895 1421 tantum
919 1411 930 1432 ,
964 1380 1148 1425 sedmo-
1198 1377 1331 1419 dicam
1362 1378 1408 1422 de
1442 1380 1681 1424 Latinitatis
1712 1383 1884 1427 candore
1918 1386 2124 1440 posteriori
2146 1404 2243 1434 aeta-
2279 1446 2282 1449 Δ

105 1447 195 1476 rum
229 1431 355 1475 etiam
386 1430 568 1474 eluendis
600 1432 772 1476 maculis
806 1450 950 1479 natum
966 1437 1145 1482 diceres:
1200 1447 1237 1476 te
1291 1432 1476 1489 negleEto
1519 1436 1603 1482 fere
1645 1439 1694 1481 ab
1725 1441 1918 1484 omnibus
1949 1443 1991 1486 &
2025 1449 2238 1499 peregrina

105 1501 222 1532 tanto
270 1488 410 1531 ardore
458 1500 577 1544 atque
626 1488 767 1543 spiritu
812 1491 856 1534 in
891 1494 1147 1540 Tridentino
1197 1490 1285 1534 labe
1320 1506 1511 1550 corrupto
1535 1527 1562 1549 ‚⁷
1591 1511 1613 1538 a
1647 1495 1740 1558 solis
1769 1510 1907 1541 autern
1939 1500 2241 1550 Jurisconsultis

103 1544 302 1589 Concilio
350 1544 533 1588 adversus
582 1558 815 1601 temporum
842 1569 844 1572 >
867 1553 1145 1607 corruptelam

101 1618 172 1659 pro
205 1602 332 1658 prisca
366 1603 531 1645 Patrum
563 1602 778 1659 disciplina
811 1606 1053 1655 dimicavit.

161 1660 364 1703 Postremo
409 1660 514 1702 haud
557 1660 659 1702 mihi
707 1663 940 1708 reticebitur
983 1659 1144 1713 Guidus

99 1716 334 1761 Pancirolus
362 1748 374 1770 ,
419 1716 682 1760 illustriorum
718 1719 944 1766 scholarum
980 1724 1023 1767 in
1061 1728 1143 1770 Ita-

97 1773 151 1818 lia
185 1774 371 1830 magister
401 1773 607 1838 eximius,
639 1774 706 1830 qui
744 1777 908 1823 cultiori
939 1782 1141 1839 Jurispru-

101 1832 245 1876 dentiae
278 1831 473 1874 universae
504 1833 763 1886 antiquitatis
796 1837 987 1882 notitiam
1008 1842 1137 1886 erudi-

103 1889 261 1932 tiffimis
294 1889 407 1933 libris
439 1890 776 1943 comprehensam
808 1897 1011 1940 attexuit.

154 1946 268 1988 Cum
300 1945 455 2001 igitur,
489 1958 532 1989 ut
565 1947 675 1990 brevi
709 1952 942 1997 narratione
963 1955 1133 2000 ostendi-

95 2019 213 2054 mus,
250 2002 578 2059 Jurisprudentiae
613 2004 873 2063 Philosophia
906 2011 1136 2057 incunabu-

97 2060 133 2102 la
177 2059 328 2103 dederit
356 2092 367 2113 ,
411 2060 528 2116 eique
563 2060 697 2105 lucem
728 2081 750 2107 a
782 2067 964 2113 barbarie
995 2071 1133 2114 adem-

95 2130 179 2160 tam
216 2116 427 2159 reddiderit
459 2118 635 2161 eruditio
657 2136 669 2173 τ,
691 2123 836 2177 ,ecquis
868 2124 965 2176 juris
997 2127 1134 2172 civilis

93 2174 266 2217 studium
301 2173 534 2226 fastidierit,
570 2188 613 2218 ut
646 2177 905 2226 inconditum
937 2184 980 2227 δί
1013 2186 1133 2241 rude,

95 2243 165 2274 aut
197 2230 417 2286 perfeffiam
452 2232 726 2278 eruditionem
761 2237 840 2281 fine
871 2239 967 2291 juris
999 2242 1132 2287 civilis

91 2290 329 2345 cognitione
363 2289 432 2331 fibi
466 2288 719 2334 assumserit?
753 2295 863 2349 Quid
896 2298 1009 2342 enirn
1040 2315 1131 2343 eru-

91 2346 214 2389 ditius
246 2345 320 2388 esse
357 2347 480 2400 potest
511 2363 557 2389 ea
591 2348 756 2393 scientia
778 2383 789 2402 ,
822 2369 909 2408 quae
941 2371 1033 2399 cum
1067 2374 1128 2403 ar-

94 2403 206 2446 canis
226 2403 381 2453 Latinae
399 2403 570 2458 linguae,
603 2422 697 2449 cum
712 2409 999 2465 antiquissimis
1015 2415 1129 2458 Grae·

88 2475 248 2504 corum·
281 2459 323 2503 ἃ
370 2463 656 2505 Romanorum
689 2467 871 2510 moribus
904 2472 1127 2514 recondita-

86 2533 163 2573 que
195 2517 358 2560 historia
393 2517 438 2560 ὃς
471 2520 666 2573 exquisita
699 2524 856 2568 ratione
888 2540 1125 2582 temporum

86 2574 340 2630 adglutinata
387 2577 442 2618 eit
493 2592 614 2632 atque
657 2581 882 2630 permista?
929 2587 983 2628 Et
1025 2602 1127 2643 quo-

86 2633 199 2675 niam
234 2647 304 2684 pro
337 2634 457 2675 variis
490 2635 657 2689 Imperii
694 2640 1023 2686 conversionibus
1054 2645 1124 2695 Ju-

85 2688 349 2745 risprudentia
385 2692 571 2739 mutavit¹
593 2693 820 2749 atlspcffium
857 2729 869 2751 ‚
919 2713 961 2741 ut
992 2717 1014 2744 e
1047 2702 1123 2744 fin-

86 2747 275 2803 gularum
310 2759 472 2788 aetatum
508 2748 663 2804 legibus
695 2753 797 2795 resta
822 2754 1015 2800 sententia
1039 2759 1121 2802 col-

85 2805 158 2859 ligi
191 2804 305 2859 possit
333 2835 345 2856 ,
387 2819 510 2858 eaque
543 2807 647 2850 trahi
679 2810 723 2851 ad
759 2810 905 2856 similia
933 2831 945 2866 ;
990 2832 1121 2860 mores

85 2861 250 2904 illarum
272 2873 462 2914 attatum,
491 2862 670 2911 reeirnen
687 2897 700 2914 ,
722 2868 1001 2925 magistratus,
1029 2889 1118 2927 pro-

85 2918 169 2961 fani
206 2919 382 2975 sacrique
414 2921 537 2971 ritus,
570 2920 610 2962 ὃ(
646 2921 839 2968 solemnia
870 2927 1117 2984 distinguen-

82 2975 130 3019 da
179 2975 268 3018 sunt
315 2989 434 3032 atque
466 2979 642 3020 notanda
670 3010 681 3022 .
726 2981 837 3023 Nam
873 2999 1001 3039 neque
1037 2990 1118 3031 De-

84 3032 362 3077 cemvirorum
397 3046 515 3084 ictas,
549 3051 625 3091 qua
660 3036 814 3080 utimur
844 3040 890 3082 ad
919 3042 1116 3099 interpre-

84 3090 285 3138 tationem
328 3091 465 3148 legum
507 3094 613 3137 XII.
655 3094 783 3140 tabul.
815 3095 1015 3143 suffecerit
1043 3117 1116 3145 ex-

1195 1549 1242 1591 ad
1274 1550 1512 1605 exemplum
1545 1565 1677 1595 aetatis
1707 1569 1838 1597 aureae
1868 1563 2090 1603 revocato?
2125 1563 2238 1616 Quid

1196 1621 1523 1652 commemorem
1569 1611 1915 1656 Demostheneam
1965 1631 2109 1660 eorum
2152 1620 2231 1663 stili

1195 1663 1282 1706 vim
1332 1678 1454 1720 atque
1500 1665 1812 1722 frugalitatem?
1847 1671 1955 1726 Quid
1988 1671 2235 1721 felicitatem

1192 1736 1315 1776 prope
1346 1722 1625 1768 Tullianam?
1659 1726 1768 1780 Quid
1802 1728 2063 1783 respondendi
2095 1735 2232 1787 gravi-

1192 1789 1318 1821 tatem
1336 1779 1538 1836 Delp'nica
1554 1781 1708 1837 tripode
1722 1783 1841 1838 plane
1862 1785 2058 1840 dignam?
2094 1790 2234 1835 Philo-

1192 1834 1304 1890 sophi
1330 1852 1426 1880 vero
1453 1838 1479 1880 si
1507 1838 1591 1889 justi
1616 1871 1628 1892 ‚
1663 1852 1782 1895 atque
1802 1841 1934 1893 injusti
1950 1845 2242 1900 cognitionem

1188 1893 1419 1947 generatim
1456 1895 1673 1951 susceptam
1707 1897 1875 1954 singulis
1901 1901 2234 1954 personiscertis-

1187 1964 1266 2004 que
1311 1951 1486 2006 negotiis
1537 1954 1580 1997 δε
1611 1955 1771 1998 eventis
1801 1957 1968 2002 definite
2002 1960 2134 2004 velint
2164 1964 2233 2006 ad-

1188 2006 1324 2050 hibere
1349 2039 1361 2060 ‚
1395 2022 1640 2063 poteruntne
1671 2013 1720 2054 ab
1753 2013 1843 2056 aliis
1874 2014 2023 2071 dirigi,
2056 2034 2180 2073 quam
2205 2037 2230 2064 a

1184 2065 1327 2117 JCtis,
1361 2081 1444 2108 non
1479 2068 1626 2121 verbo,
1661 2069 1720 2112 sed
1754 2085 1793 2113 re
1824 2082 1943 2130 atque
1960 2073 2055 2125 usu,
2090 2076 2228 2120 Philo-

1188 2121 1344 2174 sophis,
1377 2138 1551 2177 quorum
1588 2125 1778 2180 responsis
1808 2129 2227 2176 communisvitaeof-

1182 2177 1273 2221 ficia
1307 2178 1542 2234 singillatim
1561 2182 1825 2226 &enucleate
1841 2185 2150 2244 describuntur,
2181 2192 2224 2235 δί

1182 2234 1266 2286 justi
1299 2248 1419 2292 atque
1451 2237 1585 2289 injusti
1618 2240 1794 2294 pondera
1826 2241 1992 2298 singulis
2025 2245 2067 2287 iu
2099 2249 2224 2291 causis

1180 2304 1299 2348 atque
1333 2293 1508 2347 personis
1539 2298 1642 2340 mira
1674 2298 2124 2353 aequitatelibrantur?

1236 2349 1444 2406 Theologi
1493 2368 1588 2397 vero
1619 2354 1784 2398 tandem
1811 2387 1822 2408 ‚
1857 2355 1882 2398 si
1915 2357 2019 2401 nihil
2054 2360 2162 2404 aliud
2195 2379 2218 2406 a

1178 2406 1564 2458 Jurisconsultorum
1610 2409 1724 2455 libris
1766 2412 2034 2459 addidicerint
2063 2450 2075 2470 ,
2108 2418 2222 2463 inve-

1179 2465 1296 2507 nient
1332 2465 1371 2507 in
1407 2465 1479 2519 iis,
1516 2483 1596 2524 quo
1628 2484 1851 2524 coarguant
1873 2488 2107 2527 corruptam
2132 2492 2218 2519 rno-

1179 2537 1269 2564 rum
1301 2522 1529 2567 dominam
1548 2557 1560 2578 ‚
1591 2526 1869 2584 exemplisque
1889 2529 2111 2575 severitatis
2127 2549 2147 2575 e
2165 2532 2224 2585 ju-

1177 2580 1228 2621 ris
1259 2582 1536 2624 conditoribus
1568 2583 1708 2636 petitis
1733 2585 1978 2639 opinionum
2000 2589 2212 2635 licentiam

1174 2637 1448 2680 coercebunt:
1483 2655 1566 2694 quo
1597 2641 1743 2693 pudeat
1776 2658 1848 2686 nos
1881 2645 2124 2690 Christianae
2159 2650 2212 2691 le-

1173 2693 1234 2749 gis
1275 2695 1549 2739 austeritatem
1582 2699 1815 2753 profi-entes
1836 2733 1847 2750 ,
1895 2704 1992 2745 adeo
2026 2705 2210 2749 remiflffe

1171 2751 1431 2805 disciplinam
1464 2786 1474 2806 ,
1524 2767 1568 2796 ut
1610 2771 1632 2799 a
1675 2756 1794 2808 JCtis
1827 2759 2078 2815 Evangelica
2115 2762 2200 2805 luce

1170 2808 1368 2852 destitutis
1400 2810 1693 2867 interpretandi
1727 2818 1899 2859 candore
1930 2850 1941 2868 ‚
1991 2833 2206 2871 amoreque

1170 2864 1330 2916 justitiae
1354 2899 1365 2920 ‚
1411 2881 1530 2925 atque
1564 2869 1854 2916 sententiarum
1887 2873 2086 2929 gravitate
2122 2878 2212 2918 vin-

1172 2939 1314 2967 camur
1341 2939 1352 2966 ε

1229 2982 1358 3025 Nune
1405 2982 1568 3027 obsecro
1617 3001 1688 3029 vos
1724 3018 1736 3040 ‚
1773 2987 2056 3032 Adulescentes
2086 2989 2208 3041 Juris-

1169 3037 1393 3091 prudentiae
1441 3040 1628 3084 studiosos
1657 3075 1669 3095 ‚
1723 3057 1902 3099 reputate
1947 3047 2088 3089 animo
2133 3047 2209 3088 stu·-

1168 3094 1329 3139 diorum
1373 3096 1595 3142 vestrorum
1627 3100 1870 3198 digaellitatem
1897 3133 1909 3156 ,
1953 3119 2033 3158 quo
2065 3102 2207 3145 alacri-

1800 3173 1819 3199 2
2064 3172 2068 3181 ·
2146 3172 2206 3203 ter
