2451 3470
480 115 597 167 DE
640 103 1083 167 CENSURA'
1121 109 1764 166 ROMANORUM.

2085 129 2192 187 255

85 203 236 235 munus
249 174 298 233 'in
320 198 478 232 certum
498 204 544 232 ac
564 187 810 243 praecipuum
832 185 1112 241 magistratum
1161 183 1262 230 alios
1305 184 1563 249 magi-stratus
1613 184 1786 229 leviores
1826 184 1871 230 δι
1901 199 2058 233 annuos
2089 191 2163 235 effe
2193 208 2203 234 ε

85 263 111 292 a
142 245 297 302 Populo
327 259 510 290 creatum
531 243 866 288 transstulerunt.
899 243 973 285 Per
985 257 1114 285 annos

82 303 199 348 enim
240 302 380 346 decem
421 301 464 346 ὅ(
507 301 656 357 septem
690 313 853 355 propter
883 297 1113 341 Consulum

81 359 425 414 occupationem,
456 358 524 414 qui
559 358 679 400 variis
702 355 1116 418 acerrimisque-bellis

81 416 374 459 distinebantur
405 446 418 467 ,
460 415 617 458 Census
659 412 789 456 suerat
831 410 1078 455 intermissus
1105 443 1118 464 ‚

79 471 170 516 ideo
201 488 312 516 anno
342 471 502 518 decimo
534 469 817 526 trecentesimo
847 469 896 512 ab
911 470 968 510 U.
985 469 1114 511 C.in-

80 529 219 572 stituta
244 529 323 573 suit
348 527 537 572 Censura
556 559 568 580 ,
599 542 724 582 quem
739 525 1027 580 Magistratum
1046 526 1118 568 Pa-

79 596 159 628 tres
200 601 249 628 eo
295 584 639 638 laetiusvaccepere
666 614 678 636 ‚
707 583 814 638 quod
849 582 1117 625 Patriciorum

80 642 401 698 Magistratuum
431 655 651 684 numerum
674 640 726 704 'in
760 638 984 695 Republica
998 655 1118 695 auge-

80 710 143 741 ret
176 729 190 751 ,
231 715 276 742 ac
319 709 583 753 perceperunt
615 712 757 739 animo
783 728 796 750 ‚
838 708 1038 752 quantum
1069 711 1119 740 ex

82 753 218 808 parvis
259 755 389 798 initiis
435 766 524 797 orta
555 754 728 797 crescere
759 753 903 796 deinde
935 753 1117 796 Censura

81 811 243 854 deberet
269 841 280 863 ‚
314 811 418 866 quod
454 811 755 854 incrementum
791 825 891 863 pene
922 825 1017 852 cum
1052 810 1119 852 suo

80 879 173 910 ortu
215 868 405 910 Censura:
435 868 594 910 accessit
621 896 630 907 .
676 866 791 907 Nam
822 869 873 909 C.
899 867 1009 917 Julio
1041 865 1118 908 ite-

87 938 210 974 rum,
239 923 283 964 ὃς
315 924 360 964 L.
374 922 548 977 Virginio
578 920 844 974 Consulibus,
877 921 939 964 vel
975 934 1018 963 ut
1049 921 1118 965 alii

86 989 258 1033 putant,
292 978 401 1028 Julio
434 978 604 1020 tertium
625 1009 637 1028 ‚
669 977 922 1033 &Virginio
943 977 1120 1030 iterum,

85 1033 165 1077 five
198 1049 309 1077 anno
341 1034 468 1077 Urbis
500 1033 783 1077 trecentesimo
814 1034 973 1078 decimo
1008 1050 1120 1077 nono

82 1091 351 1134 Mamercum
385 1091 604 1133 AEmilium
638 1090 893 1134 Distatorem
927 1108 948 1134 a
970 1093 1121 1135 Senatu

85 1158 305 1202 creatum5
348 1160 391 1190 ut
427 1147 637 1190 Dieiatura
668 1146 822 1202 aliquid
855 1148 1122 1192 memorabile

86 1217 268 1260 gereret,
300 1220 533 1259 nomenque
553 1203 724 1246 suumin
740 1219 787 1246 eo
804 1204 1046 1259 Magistratu
1061 1205 1123 1248 in-

88 1261 195 1316 signe
227 1262 405 1304 redderet
431 1277 439 1302 :
474 1261 520 1303 de
553 1260 773 1303 minuenda
806 1260 936 1304 nimia
968 1263 1121 1305 Censo—

88 1332 182 1359 rum
215 1318 404 1370 potestate
435 1315 650 1360 consilium
683 1316 884 1371 suscepisse
900 1317 1039 1361 Livius
1053 1334 1121 1362 au-

86 1374 175 1416 &or
205 1374 281 1417 est.
315 1376 379 1425 (a)
413 1372 538 1417 Primi
571 1374 617 1416 L.
650 1373 830 1427 Papirius
856 1374 1125 1429 Mugilanus,

86 1429 130 1472 δι
163 1432 207 1473 L.
222 1431 486 1484 Sempronius
519 1430 762 1482 Atratinus,
795 1445 889 1473 cum
925 1431 1075 1486 spretus
1094 1432 1124 1474 is

84 1485 220 1528 honor
248 1485 341 1529 esset
372 1503 393 1528 a
426 1486 669 1541 primoribus
701 1487 897 1530 Civitatis
928 1504 949 1530 a
971 1487 1125 1543 Populo

87 1542 282 1596 suffragiis
312 1546 433 1585 creati
468 1559 577 1586 nunc
614 1543 1125 1597 Magistratuminjerunt3

87 1600 172 1651 (b)
201 1599 244 1642 δε
277 1600 475 1642 Censores
509 1601 597 1642 sunt
628 1600 817 1654 appellati
854 1601 931 1644 sive
952 1601 1059 1656 quod
1078 1601 1125 1644 ad

90 1671 235 1698 eorum
277 1656 509 1699 censionem
554 1657 595 1698 h.
626 1672 663 1699 e.
703 1656 921 1700 arbitrium
955 1658 1151 1712 populus¹

89 1713 320 1756 censeretur
346 1745 359 1766 ,
409 1713 485 1756 sive
528 1713 634 1768 quod
667 1726 868 1765 quantum
901 1713 962 1756 illi
987 1715 1126 1757 cense-

87 1781 205 1821 rent,
237 1769 542 1825 uniuscuiusque
564 1770 920 1813 resaestimaretur.
953 1771 1026 1814 Sed
1043 1786 1126 1814 non

88 1825 156 1868 diu
187 1825 255 1868 hic
286 1827 548 1883 Magistratus
580 1826 621 1868 in
655 1825 737 1869 solo
768 1827 1035 1870 Patriciorum
1059 1843 1127 1870 or-

88 1881 182 1926 dine
225 1882 391 1935 perstitit
412 1915 421 1925 .
467 1883 581 1926 Plebs
613 1883 726 1926 enim
758 1899 852 1926 cum
883 1885 1027 1927 omnia
1057 1884 1126 1927 fibi

89 1954 185 1982 cum
231 1940 416 1982 Patribus
448 1940 674 1994 promiscua
706 1939 853 1984 faceret
884 1956 977 1984 cum
1011 1941 1126 1997 quid-

90 1995 188 2050 quid
212 1995 415 2038 summurn
434 1996 528 2039 effet
549 2009 782 2051 appeteret,
813 1996 1029 2047 adjuvante
1050 2013 1127 2053 ope

92 2052 364 2104 Tribunicia,
403 2052 446 2095 8(
480 2053 588 2096 hunc
620 2053 745 2096 etiam
782 2054 980 2097 honorem
1013 2055 1059 2097 ad
1094 2054 1128 2097 se

91 2107 258 2160 traxit,
291 2109 475 2164 quodque
511 2109 629 2152 solius
665 2109 824 2164 patricii
857 2111 1015 2166 generis
1046 2122 1129 2154 erat

91 2180 314 2208 commune
358 2166 526 2209 reddidit
553 2197 562 2207 .
594 2168 653 2218 (c)
687 2168 808 2210 Unde
841 2183 952 2210 anno
987 2166 1041 2209 U.
1076 2168 1128 2209 C.

93 2222 493 2278 quadringentesimo
527 2222 695 2267 secundo
726 2224 780 2266 C.
810 2224 990 2278 Sulpitio
1015 2225 1128 2267 Paeti-

96 2295 145 2322 co
176 2309 190 2330 ‚
236 2279 279 2321 δι
310 2280 365 2321 T.
399 2280 574 2335 Quintio
606 2281 746 2323 Penno
785 2281 894 2324 Coss.
925 2278 1081 2323 Censor
1109 2296 1130 2323 e

94 2335 216 2378 Plebe
247 2350 402 2379 creatus
434 2338 485 2379 C.
520 2336 704 2380 Marcius
737 2338 901 2381 Rutilus
933 2337 1040 2381 idem
1061 2337 1129 2394 qui

93 2392 143 2436 ad
185 2392 445 2436 Difflaturam
491 2392 601 2437 Plebi
633 2407 843 2450 aperuerat
875 2395 984 2437 viam
1015 2426 1028 2448 ‚
1071 2394 1133 2437 vir

92 2449 260 2504 quidem
304 2450 558 2505 gravissimus
602 2451 646 2493 δε
678 2449 787 2501 cujus
818 2451 1007 2503 Maiestas
1041 2450 1132 2494 nul-

94 2505 172 2548 lius
219 2506 385 2550 honoris
430 2509 601 2558 gradum
645 2523 728 2551 non
777 2510 957 2564 aequabat
984 2540 994 2551 .
1040 2509 1132 2551 Nec

96 2577 226 2624 unum
258 2564 407 2617 modo,
441 2561 502 2608 sed
533 2565 576 2607 ὃς
605 2564 787 2607 alterum
805 2581 991 2621 quoque,
1015 2565 1134 2621 plebs

92 2618 276 2662 obtinuit
307 2621 433 2664 creari
465 2622 718 2675 Censorem,
750 2636 846 2665 nam
881 2625 934 2677 Q.
964 2623 1136 2675 Pompe-

94 2674 182 2728 jus,
210 2675 254 2718 ἃ.
285 2678 337 2730 Q.
370 2677 568 2721 Metellus
599 2692 764 2735 uterque
795 2696 844 2723 ex
878 2679 999 2723 Plebe
1024 2680 1136 2722 Cen-

98 2733 202 2775 sores
233 2731 327 2775 faeti
365 2734 546 2776 Lustrum
579 2736 871 2779 condiderunt.
905 2736 994 2790 (d)
1024 2737 1135 2779 Cum

1166 244 1278 286 hunc
1308 258 1378 298 qui
1411 257 1506 296 iugo
1536 241 1689 285 duriori
1722 240 1902 286 cervices
1924 245 2096 290 Civium
2119 263 2211 303 pre·

1165 311 1292 343 meret
1307 298 1656 355 quinquennalem
1675 330 1686 351 ‚
1702 298 1869 354 ideoque
1884 299 2075 346 homines
2094 306 2208 348 Cen-

1166 356 1314 399 soribus
1347 371 1415 411 per
1447 369 1506 398 tot
1537 371 1666 398 annos
1696 371 1848 411 magna
1881 362 1990 411 pa'rte
2023 358 2115 401 vitae
2134 360 2208 402 ob-

1165 413 1312 456 noxios
1362 414 1539 465 vixere3
1585 411 1714 468 legem
1748 411 1846 456 tulit
1878 427 1928 456 ne
1963 412 2053 468 plus
2084 428 2208 470 quam

1165 485 1329 522 annua,
1361 469 1423 512 vel
1461 468 1652 512 semestris
1673 468 1972 523 censuraesset‚
2002 476 2126 526 quam
2145 473 2212 514 in·

1165 526 1277 582 genti
1313 524 1452 580 populi
1485 525 1676 568 consensu
1690 537 1898 581 acceptam
1914 527 2106 582 exemplo
2122 528 2212 571 san-

1166 584 1254 626 xit.
1286 583 1436 625 Statim
1467 582 1581 626 enirn
1611 582 1655 626 8<
1686 578 1766 638 ipse
1799 582 2015 627 Dic'iatura
2048 584 2082 627 se
2097 583 2211 627 abdi·

1166 639 1300 683 cavit:
1336 634 1388 682 Ut
1417 655 1456 681 re
1486 639 1573 694 ipsa
1600 641 1618 691 (
1642 639 2208 695 inquiens)2uiritesfciatis

1166 712 1285 752 quam
1317 697 1417 737 mihi
1447 697 1636 738 diuturna
1667 713 1740 738 non
1750 697 2109 752 placeantimperia
2125 699 2210 741 Di-

1165 754 1317 796 ἔέαῑιινα
1347 768 1407 794 me
1437 753 1573 794 abdico
1595 783 1604 794 .
1638 753 1759 807 Quod
1790 753 1958 808 impune
1990 755 2208 798 Mamerco

1169 825 1252 852 non
1285 809 1388 851 fuit.
1422 808 1619 851 Censores
1650 809 1762 851 enim
1795 811 2007 865 aegrepaffi
2023 813 2210 853 Mamer-

1168 881 1289 917 cum,
1321 865 1425 919 quod
1459 865 1745 918 Magistratum
1770 866 1810 907 P.
1830 869 1953 909 Rom.
1974 867 2210 921 minuisset,

1170 922 1278 964 tribu
1311 933 1529 963 moverunt
1558 951 1568 972 ,
1602 920 1930 978 ORuplicatoque
1963 923 2082 967 censu
2113 939 2214 967 aera-

1169 979 1277 1022 rium
1310 977 1514 1020 fecerunt.
1550 978 1642 1021 Nec
1677 990 1814 1021 tamen
1842 979 1879 1021 id
1894 979 2076 1032 obstitit,
2108 980 2213 1036 quin

1169 1036 1362 1089 exigente
1408 1034 1476 1076 usu
1509 1034 1627 1088 Reip.
1662 1033 1768 1077 idem
1802 1034 1866 1078 vir
1897 1036 2095 1080 Censoria
2121 1036 2214 1078 ani-

1170 1091 1445 1135 madversione
1477 1103 1639 1133 notatus
1670 1091 1717 1132 ad
1751 1091 1928 1135 summos
1957 1093 2104 1136 iterum
2138 1093 2214 1136 ho-

1170 1163 1288 1192 nores
1317 1159 1555 1200 vocaretur,
1588 1146 1774 1190 Diciator
1797 1160 1951 1191 creatus
1966 1149 2212 1200 Veientium

1171 1205 1300 1247 bello:
1334 1202 1418 1256 (f)
1444 1203 1583 1257 Populi
1617 1216 1774 1246 tantam
1807 1204 2133 1258 indignationem
2167 1207 2213 1249 in

1170 1259 1368 1316 Censores
1399 1273 1584 1303 coortam
1617 1260 1730 1303 fuisse
1760 1260 1910 1303 dicitur
1942 1291 1957 1312 ς
1988 1274 2041 1303 u‘t2
2062 1262 2111 1303 ab
2143 1277 2214 1304 eo-

1171 1331 1263 1361 rum
1294 1316 1425 1371 capite
1442 1315 1592 1359 nullius
1607 1348 1618 1369 ,
1633 1330 1756 1372 quam
1771 1316 1887 1375 ipsius
1903 1317 2059 1360 AEmilii
2073 1318 2216 1361 aufto-

1173 1375 1290 1417 ritate
1307 1375 1366 1416 vis
1380 1372 1506 1416 arceri
1525 1374 1701 1427 potuerit
1725 1404 1733 1414 .
1766 1374 1881 1416 Adeo
1898 1374 2066 1428 speciata
2082 1373 2215 1417 virtus

1173 1430 1401 1474 foeditatem
1434 1429 1578 1472 inustae
1606 1443 1711 1473 notae
1737 1429 1909 1472 delevit.
1942 1431 1998 1472 Et
2025 1431 2214 1473 Mamer-

1174 1503 1241 1532 cus
1267 1485 1883 1541 ipseingentianimoinjuriam
1899 1486 2023 1539 tulit⁷
2051 1486 2213 1529 causam

1175 1544 1306 1600 potius
1331 1542 1598 1597 ignominiae,
1629 1558 1752 1598 quam
1779 1543 1904 1597 ipsam
1937 1543 2217 1598 ignominiam

1176 1601 1374 1656 speetans.
1410 1601 1555 1654 Neque
1580 1615 1676 1641 vero
1703 1599 1805 1642 alios
1832 1600 1978 1650 modo,
2013 1600 2073 1642 sed
2104 1599 2146 1641 ἃ
2181 1599 2218 1642 se

1175 1658 1277 1710 ipsos
1302 1657 1452 1699 mutuis
1467 1656 1566 1698 odiis
1588 1656 1786 1698 Censores
1799 1656 2061 1709 exagitarunt-
2075 1687 2084 1697 .
2101 1657 2218 1699 Nam

1177 1715 1218 1756 P.
1244 1712 1515 1765 Sempronio,
1546 1712 1588 1753 ὃς
1614 1714 1678 1754 Μ.
1709 1713 1908 1754 Cornelio
1932 1713 2036 1754 Coff.
2055 1713 2136 1754 acri
2156 1712 2217 1754 di-

1177 1769 1325 1813 scordia
1341 1770 1447 1813 inter
1461 1768 1664 1811 Censores
1678 1770 1741 1810 M.
1757 1769 1922 1812 Livium
1936 1769 1979 1812 &
1992 1768 2221 1812 Claudiurn

1176 1829 1392 1870 Neronem
1422 1837 1509 1868 orta
1528 1824 1610 1868 est:
1646 1825 1825 1869 invicem
1846 1826 1879 1869 se
1897 1825 2128 1881 ignominia
2143 1841 2220 1868 no-

1177 1884 1356 1927 tantibus
1376 1913 1391 1936 5
1420 1883 1523 1926 itaut
1554 1898 1649 1925 cum
1680 1883 1768 1938 quis
1803 1881 2037 1927 labefaist'are
2053 1882 2224 1924 alterius*

1176 1941 1331 1984 famam
1353 1940 1531 1984 crederet
1551 1970 1563 1990 ‚
1598 1939 1707 1982 suam
1722 1939 1955 1995 inquinaret
1976 1970 1986 1981 .
2019 1939 2220 1982 Claudius

1177 1999 1290 2041 enim
1323 2012 1417 2040 cum
1450 1996 1498 2038 ad
1528 1996 1708 2038 Tribum
1725 1997 1897 2039 Polliam
1915 2009 2084 2039 ventum
2100 1995 2223 2048 esset,

1177 2056 1220 2098 in
1251 2070 1330 2110 qua
1363 2068 1515 2096 nomen
1547 2067 1612 2095 era
1644 2054 1708 2094 M.
1736 2052 1866 2095 Livi-i:
1901 2052 2043 2103 juffita
2064 2053 2218 2094 Praeco-

1178 2128 1227 2154 ne
1247 2110 1377 2165 ipsum
1412 2110 1527 2152 citari
1546 2109 1768 2152 Censorem
1785 2136 1799 2163 ‚-
1827 2108 2224 2165 (g)s1veaf’tusan-

1178 2169 1299 2224 tiquae
1330 2167 1372 2209 δί
1404 2168 1586 2208 nondum
1621 2166 1805 2219 depositae
1837 2166 2067 2209 inimicitiae
2081 2165 2223 2208 siirnu⁴

1179 2225 1256 2278 lis,
1289 2223 1365 2266 sive
1395 2222 1667 2266 ostentatione
1700 2222 1920 2266 severitatis
1946 2223 2132 2266 inflatus.
2164 2223 2222 2264 Ee

1178 2281 1273 2339 quia
1289 2280 1427 2323 Livius
1464 2279 1605 2334 Populi
1626 2278 1775 2330 judicio
1806 2279 1936 2323 fuerat
1950 2278 2222 2322 damnatus&

1179 2340 1222 2382 in
1255 2337 1427 2381 exilium
1462 2336 1595 2391 pulsus
1612 2366 1627 2388 ,γ
1655 2336 1768 2379 ausus
1797 2337 1850 2378 est
1883 2336 2222 2391 Censoriequum

1179 2394 1379 2438 adimere.
1412 2393 1492 2436 Cui
1526 2394 1569 2436 δε
1603 2393 1739 2435 vicem·
1771 2393 1940 2436 reddidit
1961 2393 2101 2437 Livius
2125 2405 2223 2435 cum

1180 2453 1226 2496 ad
1276 2450 1455 2493 Tribum
1490 2449 1762 2493 Narniensem
1793 2450 1836 2493 &
1869 2465 2023 2493 nomen
2055 2447 2222 2492 Claudii

1182 2520 1352 2552 ventum
1387 2506 1463 2549 fuit
1483 2537 1496 2560 ,
1526 2506 1750 2549 Claudium
1785 2507 1955 2550 vendere
1984 2522 2134 2562 equum
2159 2503 2222 2555 ju->

1184 2567 1280 2609 bens
1310 2564 1404 2607 duas
1436 2563 1656 2618 producens
1689 2563 1822 2606 causas
1841 2595 1854 2616 ,
1882 2563 1930 2607 δε
1957 2563 2065 2618 quod
2094 2563 2223 2605 Clau-

1186 2622 1272 2666 dius
1313 2621 1496 2665 adversus
1544 2620 1709 2663 Livium
1760 2619 1903 2663 falsum
1942 2620 2223 2662 testimonium

1186 2678 1342 2723 dixisset
1377 2710 1389 2731 ‚
1431 2677 1474 2720 &
1515 2677 1622 2731 quod
1663 2677 1846 2719 nondum
1889 2692 1940 2720 ex
1981 2675 2125 2719 animo
2156 2690 2226 2718 ve-

1187 2736 1264 2780 teri
1295 2736 1388 2779 odio
1419 2734 1583 2790 depulso
1614 2766 1626 2787 ,
1670 2748 1754 2776 non
1803 2733 1952 2777 sincera
1984 2734 2058 2777 side
2091 2733 2225 2776 secum

102 2847 339 2890 Mamercus
370 2845 564 2891 AEmilius
595 2848 784 2901 Difikator
813 2850 1138 2906 graviterserens
1191 2850 1252 2895 sed
1285 2848 1458 2906 Populus
1506 2847 1589 2892 fere
1631 2847 1768 2891 omnis
1807 2847 2030 2892 censoriam
2082 2846 2226 2889 severi-

100 2974 588 2992 ———-———-—‚—

143 3006 228 3045 (a)
255 3009 291 3038 L.
319 3018 350 3045 4.
380 3014 446 3049 cap.
477 3017 528 3044 24.

141 3051 161 3091 ζ
177 3048 227 3088 b]
256 3050 326 3083 Lib.
359 3062 389 3090 4-
416 3057 484 3093 cap.
502 3060 533 3092 9.

144 3095 225 3136 (ε)
251 3097 327 3129 Lu'v.
353 3095 410 3128 hb.
438 3107 468 3135 7.

144 3140 228 3181 (d)
255 3142 331 3175 Liv-
359 3141 506 3186 Eficom.
537 3149 584 3182 59.

825 2978 1141 2996 ῂ-ι--ι

97 2788 183 2832 haec
218 2789 383 2844 potestas
415 2790 458 2832 in
490 2790 820 2856 quinquennium
843 2794 1027 2837 duraret.
1058 2699 1236 3186 (ῶὶίη
1268 2793 1444 2849 gratiam
1477 2791 1630 2834 redisset
1654 2822 1663 2833 .
1711 2791 1857 2846 Neque
1900 2788 2055 2845 collega
2088 2789 2225 2852 solus,

2069 2914 2193 2945 tatem
2210 2931 2225 2954 ‚

1234 3012 1253 3049 (
1266 2984 1315 3048 ἒς
1339 3008 1411 3041 Lib.
1426 3019 1459 3047 4.
1486 3014 1553 3048 cap.
1572 2992 1623 3045 aqi.
1980 2974 2006 2986 ,Ι
2053 2991 2057 2994 ”

1236 3055 1316 3096 (f)
1342 3052 1462 3092 Lib-4·
1490 3060 1626 3094 cap-31.

1237 3100 1257 3141 (
1272 3099 1326 3142 g)
1348 3098 1427 3131 Liv.
1451 3096 1511 3132 libi
1529 3104 1581 3135 29.
1606 3096 1642 3128 in
1663 3092 1728 3137 fin.
