2451 3470
194 116 264 166 25
532 56 1968 160 *DERtOMA-NOIMPiERIO

185 181 425 240 repetitione
458 178 493 226 se
517 181 617 225 nsus
657 179 869 232 ejusdem:
903 178 1003 236 quin
1034 176 1251 233 amplecte·
1313 192 1403 221 rum
1437 176 1612 231 benigne
1646 175 1819 219 tulerit.

186 247 332 288 bantur
379 239 490 295 expli
508 239 736 284 canonem
771 235 936 289 Cujacii
969 236 1030 288 [a]
1063 235 1185 278 verba
1215 236 1256 277 in
1371 234 1532 277 Verum
1564 232 1661 289 quid
1698 244 1910 288 tantopere
1942 231 2172 277 laboramus
2206 232 2251 278 in
2271 233 2361 289 lege

185 317 273 346 eum
310 297 482 343 confere
501 297 591 342 ntis
653 296 698 339 in
732 295 864 352 ipsum
898 293 1168 347 Principem3
1203 295 1255 334 Ar
1309 290 1459 334 incerti
1494 290 1625 334 sensus
1659 289 1903 345 incertaeque
1923 289 2198 334 auetoritatis:
2234 307 2361 347 quarn

190 361 280 417 quis
310 356 479 414 [inquit
508 352 755 406 Cocceius]
787 352 878 408 quis
905 365 1085 406 unquam
1103 348 1260 392 audivit
1310 350 1448 404 legem
1495 346 1664 403 plurimi
1696 345 1888 400 Ulpiano
1919 347 2106 390 adfictam
2137 359 2361 391 autumant

197 433 220 460 a
252 414 413 471 populo
447 412 628 467 Principi
672 410 911 466 potestatem
942 408 989 451 in
1024 406 1152 461 ipsum
1170 404 1258 449 ,dari
1310 403 1635 457 aTriboniano‚
1661 416 1704 447 ut
1721 402 1860 457 Regiae
1874 405 2055 459 potestati
2075 420 2227 460 ,quam
2242 404 2368 447 Prin-

207 472 484 529 Principem?
534 471 620 514 imo
677 466 911 510 veroref’te
942 465 984 508 ἃ
1019 463 1061 507 in
1097 462 1259 517 ipsum·
1312 463 1392 518 cipi
1427 462 1493 505 suo
1528 461 1776 516 parturiebat
1810 491 1822 513 ‚
1853 461 2050 516 gravioris
2080 459 2368 513 jurisconsulti

207 531 418 575 Sinuidem
452 526 641 584 potuisset
676 523 848 580 populus
878 524 935 566 ita
967 520 1146 565 tribuere
1175 521 1259 561 Irn-
1312 520 1357 563 &
1388 517 1588 574 longioris
1605 517 1804 574 temporis
1819 519 1939 562 fidem
1955 518 2223 562 conciliaret?
2250 516 2368 572 Quid>

214 578 389 644 peratori
435 585 680 652 potestatem
716 585 824 625 luam
851 611 864 634 ‚
908 590 953 623 ut
995 576 1169 621 consuli
1200 575 1264 619 vel
1316 577 1549 620 volutamus
1589 574 1799 630 epitomen
1824 607 1837 629 ,
1882 589 1953 618 aut
2001 575 2220 630 perfusorie
2246 606 2259 627 ,
2290 586 2365 617 aut

213 645 521 702 magistratibus
555 640 652 684 aliis
684 637 919 690 tribuebat,
947 635 1016 691 qui
1050 632 1190 690 populi
1213 632 1254 683 ju
1317 633 1429 677 mala.
1457 632 1882 678 fideconcinnamm
1921 633 1944 665 Γ·
1979 633 2095 662 “erbe
2130 631 2370 674 2‘122‘5cf‘

216 702 328 744 fficio
360 703 630 742 tpmkwm„
667 695 728 725 „„;
748 693 1029 724 s‚‚2‚;;„;„2,„„‘
1051 691 1176 713 ..;..ἡ
1193 688 1247 711 D:
1319 693 1461 716 manus
1496 686 1594 725 regis
1629 677 1770 726 Regiae
1801 685 2018 715 contextus
2051 673 2127 717 hoc
2159 676 2198 717 S.
2221 676 2366 719 C-no-

218 743 383 786 &aton
420 753 515 781 nam
547 736 590 778 ὃ(
627 732 832 788 Papirium
865 729 1086 772 Cursorem
1115 757 1127 779 ,
1173 740 1267 769 cum
1319 729 1376 771 bis
1419 744 1441 770 a
1471 727 1716 787 Capitolino
1749 743 2025 773 monumento
2058 730 2321 786 proferuntur
2343 763 2357 786 ‚

219 798 408 843 Dictator
439 794 530 838 esset
551 825 561 845 ,
599 786 881 846 provocationi
903 787 952 849 ad
976 783 1173 847 populum
1188 783 1268 826 ces·
1318 785 1429 836 cujus
1459 800 1480 828 e
1515 785 1623 827 lenl'u
1656 800 1896 828 commenta
1927 788 1969 829 ὃς
1999 788 2241 844 compendia
2257 804 2366 845 quae-

225 855 305 900 siffe
340 853 535 909 legimus.
569 846 717 891 Caesari
749 857 889 888 autem
917 855 974 886 ita
989 841 1193 894 contulit,
1225 851 1273 882 ut
1321 843 1421 886 libet
1461 841 1665 894 explicare
1695 841 1923 885 debemus?
1968 846 2030 887 Eo
2063 857 2201 888 autem
2234 847 2273 888 S.
2307 846 2360 888 C.

226 914 262 957 ei
297 911 420 956 etiam
456 906 650 951 remiserit
682 903 952 959 potestatem,
986 913 1111 956 quam
1143 912 1267 954 popu·
1321 898 1417 958 quid
1459 898 1683 941 Caesaribus
1726 899 1927 942 tribuatur
1949 932 1961 953 ,
2007 901 2088 951 jam
2125 902 2238 958 supra
2273 902 2367 945 satis

229 971 289 1014 lus
331 967 502 1011 habebat
536 965 577 1005 in
611 961 739 1017 ipsum
772 958 1004 1001 Caesarem:
1043 971 1112 1011 per
1141 969 1266 1010 quam
1321 955 1714 1007 demonstra=.⁷irnus;
1748 956 1952 1010 reliquum
1983 959 2064 1011 est,
2096 970 2140 1001 ut
2160 958 2368 1002 obscurio-

230 1025 368 1083 papuli
400 1022 673 1066 remiffionem
708 1015 886 1068 principi
918 1014 1027 1057 diem
1058 1014 1163 1068 apud
1195 1027 1269 1067 po·
1323 1029 1365 1057 ra
1397 1013 1613 1055 verborum
1644 1011 1754 1054 illius
1785 1013 2030 1058 illustremus
2057 1046 2066 1056 .
2103 1015 2176 1058 Ait
2209 1015 2303 1058 lex:

232 1083 375 1140 pulum
418 1080 545 1123 dicere
580 1091 663 1118 non
696 1072 902 1124 licuisset,
938 1070 1034 1113 dum
1068 1085 1163 1113 eum
1202 1083 1270 1123 po·
1378 1070 1577 1112 TtssEmo
1619 1070 1747 1119 JUL10
1795 1071 1981 1113 CESARI
2025 1075 2246 1116 AUGUSTO
2287 1074 2372 1116 Tt-

235 1141 354 1197 pulus
391 1137 619 1190 Principem
652 1131 725 1176 esse
758 1140 962 1186 pateretur
993 1159 1001 1170 .
1036 1128 1144 1182 Quid
1177 1139 1272 1182 prae-
1323 1127 1778 1179 BERrOQmCLAUDm
1793 1128 1979 1171 Caesam
1999 1130 2219 1172 Auousro
2244 1130 2366 1175 Gea-

237 1213 344 1241 terea
393 1210 459 1238 eos
502 1189 708 1249 prohibuit
744 1185 926 1230 Duareni
955 1184 1277 1240 explicationem
1326 1198 1540 1229 MANJco.

239 1255 321 1308 [b]
354 1253 553 1308 arripere,
586 1247 654 1303 qui
689 1244 907 1289 relativum
938 1244 1086 1298 accipit
1121 1257 1192 1296 pro
1217 1254 1276 1283 re·
1386 1243 1459 1284 Per
1491 1240 1700 1284 Tiberium
1721 1241 1869 1289 lulium
1885 1242 2074 1295 Caesarem
2089 1241 2309 1296 Auqzfflum
2331 1243 2379 1286 fi-

247 1314 438 1366 (iproco,
469 1324 514 1351 ac
546 1306 661 1348 docet
688 1334 700 1356 ,
732 1317 817 1344 eum
849 1300 918 1343 hic
953 1297 1183 1355 significasse
1209 1297 1279 1351 se:
1328 1300 1543 1356 gnificatur
1584 1297 1628 1340 in
1660 1298 1746 1353 lege
1778 1301 1970 1342 Tiberius
2004 1302 2117 1342 Nero
2150 1300 2374 1344 Ochviani

247 1368 356 1425 quasi
399 1364 549 1410 dixerit
591 1360 798 1414 Ulpianus
843 1356 1039 1413 populum
1070 1353 1282 1401 contulisse
1333 1357 1503 1413 Augusti
1536 1354 1642 1397 filius
1664 1388 1676 1409 ‚
1710 1357 1807 1407 Julii
1840 1357 2009 1399 Caesaris
2042 1358 2266 1401 Dictatoris
2300 1373 2378 1401 ne-

247 1427 283 1469 ei
314 1457 327 1479 ‚
363 1424 440 1467 sive
489 1418 667 1474 Principi
711 1416 944 1471 potestatem
977 1416 1020 1457 in
1051 1431 1136 1458 eum
1161 1446 1173 1468 ‚
1206 1413 1283 1455 hoc
1332 1429 1402 1469 pos
1449 1413 1517 1469 qui
1569 1413 1651 1465 post
1682 1413 1904 1457 oetavium
1937 1414 2155 1467 imperavit
2184 1429 2196 1467 ;
2229 1414 2379 1471 quique

244 1483 298 1527 est
342 1483 383 1524 in
420 1480 461 1534 se
484 1511 496 1532 ,
529 1491 675 1531 nempe
707 1474 751 1517 in
783 1473 913 1528 ipsum
948 1472 1142 1527 populum
1165 1504 1176 1525 ,
1210 1485 1279 1512 ne·
1332 1471 1460 1524 Julius
1491 1485 1652 1525 quoque
1685 1470 1819 1513 Cacsar
1849 1471 2153 1525 appellabatur,
2187 1472 2383 1514 utobser-

1333 1528 1445 1570 vavit
1488 1527 1700 1570 Gutherus
1741 1543 1790 1570 ex
1836 1527 1940 1571 fastis
1971 1528 2224 1582 Capitolinis
2254 1560 2263 1570 .
2295 1528 2380 1581 (c)

244 1541 342 1583 dum
374 1538 609 1594 potestatem
631 1565 642 1585 ,
675 1547 797 1587 quam
831 1530 1002 1572 habebat
1034 1530 1204 1585 populus
1237 1528 1283 1571 in

248 1595 479 1653 provincias
511 1624 519 1632 .
553 1591 629 1634 Sed
661 1604 744 1631 non
777 1587 930 1643 patitur
964 1587 1162 1638 Cocceius
1193 1601 1282 1642 pro·
1333 1583 1492 1627 Omiffo
1525 1596 1670 1647 autem·
1693 1583 1916 1640 Caligula,
1948 1597 2143 1640 tanquam
2177 1585 2286 1628 hoste
2308 1601 2379 1639 pa-

1336 1643 1421 1685 trice
1446 1674 1457 1694 ,
1491 1640 1756 1696 damnatique
1788 1642 1970 1685 nominis
2001 1642 2091 1685 cive
2123 1674 2135 1695 ‚
2167 1644 2255 1694 (d)
2288 1641 2384 1684 sub-

248 1668 404 1697 nomen
438 1651 482 1694 in
515 1650 653 1692 eadem
685 1647 870 1688 oratione
903 1645 1011 1687 varie
1041 1657 1252 1699 acceptum
1275 1674 1287 1695 ,

248 1725 293 1754 ut
327 1711 371 1753 sit
402 1708 524 1751 modo
555 1703 771 1748 relativum
805 1705 847 1744 in
881 1701 944 1744 sua
978 1702 1138 1756 propria
1168 1674 1422 1758 [igni-liicit
1467 1699 1531 1741 lex
1580 1697 1802 1741 Claudium
1834 1731 1847 1753 ,
1879 1714 2002 1754 quem
2035 1698 2275 1742 Germanici
2311 1714 2383 1741 co·

1337 1770 1613 1814 gnomentum
1657 1756 1764 1810 quod
1807 1756 1874 1799 hic
1907 1756 2056 1813 legitur
2077 1788 2090 1810 ‚
2122 1754 2343 1800 adsumfiffe
2369 1785 2384 1810 ‚

251 1768 471 1819 ficatione,
504 1764 625 1806 modo
659 1760 944 1814 reciprocum:
979 1759 1085 1815 quasi
1119 1774 1202 1801 nou
1235 1760 1290 1800 ita

255 1825 373 1868 situm
402 1856 414 1877 ,
448 1821 666 1875 itidemque
699 1818 822 1860 etiam
855 1829 1069 1871 acceptum
1105 1815 1291 1858 inveniti·
1340 1825 1543 1858 memorat
1577 1813 1795 1856 Svetonius
1826 1844 1836 1855 .
1866 1814 1945 1865 (e)

259 1894 325 1924 tur
357 1881 400 1923 in
432 1881 511 1935 lege
543 1894 623 1932 quae
644 1874 780 1930 filium
807 1875 880 1915 ult.
904 1871 958 1928 ff.
990 1887 1033 1915 ut
1062 1876 1177 1929 legat.
1206 1871 1303 1925 five*
1400 1873 1506 1914 Item
1541 1869 1604 1913 lex
1638 1869 1719 1912 ait:
1755 1871 1848 1913 UT!
1876 1873 1999 1924 Quos
2015 1871 2388 1922 Mammaarus,

257 1937 456 1993 fideicom.
490 1935 572 1977 illis
606 1932 735 1975 verbis
772 1963 785 1984 ‚
845 1930 1063 1973 referendis
1107 1946 1187 1973 una
1230 1929 1318 1972 hiet
1341 1931 1421 1974 &a
1453 1927 2195 1972 Enluculentiffimumtestimonium
2218 1926 2394 1982 popula-

259 1998 304 2042 &
335 1993 613 2050 explicandi53
638 1988 816 2043 fideique
845 1988 930 2038 ejus
959 1988 975 2040 [
1003 2003 1150 2042 nempe
1182 1971 1321 2044 here-l
1345 1988 1396 2029 ris
1441 1984 1644 2041 potestatis
1689 1984 1758 2027 sub
1792 1985 1974 2040 Imperio
2005 1984 2135 2027 adhuc
2169 1984 2342 2037 vigentis
2375 2012 2388 2035 ‚

264 2054 324 2098 dis
352 2053 368 2106 ]
400 2048 586 2101 commifit
611 2047 787 2100 [nempe
804 2045 1012 2097 tellatrix]
1044 2043 1321 2098 utquidwf'd!
1342 2041 1628 2096 offerentisque
1664 2041 1700 2084 se
1731 2042 1775 2085 in
1807 2042 2013 2085 creatione
2048 2041 2385 2096 magistratuum:

258 2112 313 2154 ad
354 2124 440 2152 eum
482 2107 498 2159 [
531 2107 608 2148 hoc
649 2104 702 2146 est
736 2102 925 2146 heredem
957 2102 972 2154 ]
1005 2118 1050 2143 ex
1081 2102 1295 2144 hereditate
1345 2101 1488 2157 quibus
1531 2099 1757 2141 tribuendis
1789 2100 1928 2142 omnis
1961 2098 2148 2154 legitima
2182 2098 2243 2138 vis
2274 2111 2392 2139 corn·

260 2170 345 2220 eius
374 2165 391 2218 [
420 2166 496 2208 hoc
533 2163 586 2206 est
620 2160 677 2204 sui
708 2160 938 2202 testatricis.
980 2159 996 2211 ]
1030 2160 1095 2200 En
1126 2161 1211 2208 ejus
1233 2174 1298 2202 ea·
1346 2155 1621 2201 mendationis
1672 2157 1954 2211 Imperatoriae
1997 2171 2080 2197 non
2128 2170 2179 2197 ex
2214 2155 2393 2208 Impera·

258 2226 355 2269 dem
386 2223 433 2266 in
463 2219 649 2263 oratione
670 2217 756 2260 vice
776 2215 938 2260 relativi
961 2215 1171 2271 fungitur,
1203 2231 1297 2258 cum
1347 2215 1453 2257 torio
1495 2212 1581 2264 jure
1625 2216 1819 2255 manabat
1848 2245 1862 2266 ‚
1907 2213 1967 2256 sed
2010 2228 2078 2264 ex*
2108 2211 2180 2254 isto
2221 2212 2354 2264 capite
2382 2238 2401 2260 ,

240 2279 435 2327 asefertur
482 2277 531 2320 ad
580 2274 769 2317 heredem
793 2304 805 2326 ,
847 2272 890 2315 &
935 2272 1131 2327 reciproci
1161 2304 1172 2324 ‚
1207 2287 1299 2316 cum
1349 2272 1451 2316 unde
1495 2269 1556 2321 jus
1593 2268 1704 2312 suum
1739 2270 1942 2324 Principis
1974 2267 2279 2312 commendatio
2311 2279 2398 2308 tra-

263 2338 437 2383 refertur
479 2333 528 2376 ad
569 2331 811 2375 testatricem
849 2361 860 2371 .
905 2329 1098 2372 Tandem
1139 2329 1299 2385 quidvis
1350 2330 1470 2372 hebai
1494 2358 1504 2369 .
1539 2329 1635 2381 (ξω
1666 2327 1798 2380 capite
1831 2342 1900 2382 per
1933 2325 2004 2369 illa
2040 2327 2162 2369 verba
2194 2336 2306 2366 extra
2335 2339 2400 2364 or-

263 2395 374 2442 aliud
405 2391 538 2450 potius
570 2387 710 2432 moliri
741 2386 952 2442 oportebat
984 2385 1303 2441 Porsenasistos,
1347 2380 1512 2438 distem,
1547 2384 1750 2440 permittit
1786 2382 1957 2439 populus
1989 2382 2258 2426 candidatis'a
2278 2379 2401 2422 Prin-

262 2453 333 2511 qui
366 2453 523 2506 Regem
556 2447 599 2488 P.
632 2448 683 2488 R.
719 2444 877 2488 reddere
910 2457 1113 2488 conantur
1144 2443 1305 2497 invito,
1351 2444 1438 2500 cipe
1490 2440 1791 2485 commendatis
1847 2440 2055 2484 honorum
2107 2437 2350 2494 petitionem
2382 2465 2396 2487 ‚

262 2523 390 2568 quam
431 2505 479 2549 ad
511 2504 596 2547 haee
626 2501 935 2545 absurda-ruere
957 2516 969 2554 3
1012 2515 1108 2544 cum
1139 2501 1182 2544 in
1216 2499 1330 2543 mo·l
1352 2499 1508 2545 etiamst
1544 2498 1630 2554 lege
1651 2511 1844 2542 vetentur
1863 2498 2106 2541 contendere
2128 2496 2176 2539 ad
2195 2495 2370 2537 honores
2389 2523 2406 2546 ‚

263 2563 477 2613 nutrientis
509 2558 712 2606 veteribus
745 2558 1005 2602 invenientes
1032 2559 1225 2602 Senatum
1248 2557 1305 2600 su·
1357 2571 1482 2614 puta,
1514 2557 1618 2611 quod
1650 2554 1747 2606 justa
1779 2568 1895 2598 aetate
1928 2568 2121 2607 careant,
2151 2564 2222 2596 aut
2252 2550 2402 2603 justum

268 2636 457 2682 premam
502 2617 737 2674 potestatem
768 2647 781 2668 a
830 2631 876 2659 ac
918 2614 1122 2658 summum
1171 2617 1307 2670 impe·
1359 2612 1624 2659 intervallum
1652 2613 1760 2656 inter
1790 2627 1915 2655 unam
1948 2613 2200 2666 alteramque
2232 2607 2406 2665 petitio-

268 2684 377 2725 rium
424 2685 684 2722 exercentem
713 2703 725 2724 ,
768 2672 818 2714 idv
852 2687 934 2714 non
966 2671 1160 2724 legitima
1193 2674 1232 2715 S.
1265 2672 1308 2714 P.
1362 2687 1456 2715 nem
1479 2685 1563 2712 non
1582 2669 1921 2722 excurrerit‚aut
1935 2668 2144 2725 praesentes
2159 2669 2403 2710 Romaenon

271 2740 325 2793 Q.
360 2739 412 2778 R.
445 2731 677 2776 auetoritati
709 2728 935 2772 adscribant
963 2762 973 2777 ,
1012 2729 1070 2772 sed
1103 2729 1311 2784 patientiae
1361 2729 1672 2785 profiterentur.
1693 2725 1771 2780 (f)
1787 2729 1898 2769 Nam
1914 2741 2043 2782 neque
2058 2724 2406 2774 absentium‚ne-

271 2789 540 2848 Imperatoris
591 2786 805 2830 tolerantis
849 2785 1050 2828 invasores
1096 2787 1167 2829 suae
1200 2799 1309 2840 pote·
1359 2801 1435 2842 que
1452 2778 2402 2839 superiorum,quosmemoravimus‚habenda

274 2851 383 2897 statis
410 2865 425 2903 3
455 2843 563 2904 quasi
595 2843 710 2900 lupus
736 2875 748 2898 ,
781 2842 851 2899 qui
880 2842 1152 2898 petulantiam
1184 2859 1310 2899 agno·
1362 2843 1465 2887 ratio
1479 2854 1565 2886 erat
1581 2841 1769 2897 perleges
1784 2840 2178 2897 publicas‚quarum
2193 2835 2404 2887 veniaiis,

2308 2905 2409 2948 quos

1715 2962 2411 2983 ——-—-—--—--—--—-..-—-

975 2974 1093 2984 ——‚
1368 2967 1603 2984 —ah———r

323 3009 408 3051 (a)
433 3007 590 3046 observat.
621 3013 668 3042 ¹5·
694 3009 761 3035 cau.
791 3014 846 3041 30·
1412 3002 1495 3041 (d)
1524 3001 1608 3034 Dion
1631 3000 1693 3033 ub.
1720 3006 1774 3033 60.
1801 3009 1874 3044 pag.
1901 3004 1980 3043 667.

327 3053 409 3095 (b)
431 3050 490 3085 lib.
518 3060 549 3082 2.
574 3049 661 3091 disp.
686 3056 752 3089 cap.
784 3057 829 3083 ¹9-
1413 3047 1463 3085 (e
1482 3052 1502 3085 )
1525 3047 1561 3077 in
1587 3047 1701 3078 Claud·
1727 3045 1786 3079 lib.
1819 3056 1847 3085 3.
1874 3053 1943 3086 cap.
1972 3054 2001 3076 2.

329 3099 408 3140 (ι)
432 3093 560 3131 Coccei·
603 3092 644 3124 ad
680 3095 701 3122 1.
734 3102 760 3124 ι.
795 3089 834 3134 ff
862 3091 900 3122 Aa
923 3090 1019 3132 tonsi.
1049 3093 1154 3128 Princ.
1179 3090 1316 3131 Guther-
1415 3091 1494 3133 (f)
1533 3092 1585 3126 lex
1620 3101 1727 3136 agras.
1763 3091 1854 3126 Ruu.
1891 3090 1978 3134 apud
2002 3088 2114 3133 Sigon.
2138 3086 2177 3123 de
2194 3088 2263 3132 leg.
2290 3084 2409 3120 curiat-

282 3145 323 3182 de
347 3140 429 3188 offic.
452 3141 569 3176 domm.
587 3135 723 3181 August.
746 3133 805 3170 lib.
835 3146 861 3169 x.
887 3144 954 3181 cap.
983 3146 1034 3177 3¹·
1373 3141 1406 3179 p.
1435 3145 1490 3176 19.
