2451 3470
688 88 742 143 Ο
821 90 858 142 P

126 162 358 209 Stoicorum
392 176 505 207 more
538 174 679 209 notare
705 158 1159 210 circumlocutionibus,

131 221 441 278 ambagibusquc
465 221 659 265 submotis
674 253 686 276 ,
716 235 805 266 tarn
820 217 1004 264 distinere
1025 249 1038 271 ,
1072 229 1160 259 tam

130 278 304 335 expresse
339 310 351 331 ‚
397 290 440 322 ut
484 279 554 335 qui
599 276 953 334 amoribuslvelit
997 286 1163 336 operam

133 336 253 390 dare,
288 336 361 379 hos
395 352 475 391 prae
507 337 652 380 ceteris
682 337 830 381 habere
861 334 978 390 possit
1011 327 1164 387 peritis-

137 393 256 437 simos
290 394 481 449 nequitiae
512 393 728 450 magistros
756 425 768 448 ,
809 392 853 436 &
884 391 953 446 qui
986 387 1086 432 velit
1118 386 1165 430 li·

136 450 286 494 bidinis
318 451 450 494 sensus
469 451 698 501 ‚accendere
714 483 726 504 ‚
762 449 1013 503 sopitamque
1028 446 1065 488 V
1072 459 1164 487 ene-

135 523 222 552 rem
255 509 462 562 excitare,
493 525 541 552 ex
577 508 725 552 horum
751 506 926 550 lectione
948 502 1041 547 satis
1055 514 1171 558 aptus

136 565 294 619 prodire
328 567 442 621 possit
472 566 520 608 ad
551 581 675 621 opus.
708 564 821 607 Tam
853 562 968 606 enim
1000 560 1081 603 fuse
1111 574 1171 602 res

137 620 366 672 hujusmodi
401 623 624 667 traiciantur
651 653 663 674 ‚
707 634 792 665 tam
825 621 1012 667 obscoene
1039 650 1053 673 ,
1083 628 1169 661 tam

138 691 272 734 aperte
296 711 309 732 ‚
341 692 425 722 tam
460 679 660 722 minutim
695 691 779 721 utz·

249 737 369 788 Quod
394 737 551 791 pruriat
582 736 747 777 incitare
773 734 916 790 poffint
940 749 944 754 ·

251 793 347 835 Non
376 794 462 834 dico
490 793 624 848 pueris
644 823 656 844 ,
681 791 754 845 fi’d
785 793 839 833 iis
863 787 1026 846 pilosis,

254 849 342 901 Qui
371 850 486 891 duros
516 860 712 903 nequeant
756 863 907 889 movere
938 845 1111 888 lumbos.

140 905 214 948 Sed
245 906 327 948 dies
359 921 424 948 me
457 905 664 956 dificeret,
700 904 724 947 fi
757 916 941 948 mentem
976 915 1090 945 tuam·
1106 914 1175 955 per

138 961 316 1017 singulos
346 962 620 1017 corruptionis
655 962 790 1005 fontes
822 961 1032 1004 traducere
1052 972 1174 1001 cona·

139 1033 224 1062 rer.
258 1021 320 1062 Ut
353 1035 419 1063 me
450 1019 663 1075 expediam
697 1019 840 1071 brevi,
873 1032 955 1061 uno
975 1014 1175 1069 adspeau,

139 1091 185 1118 ac
220 1075 287 1119 sub
320 1092 400 1119 una
431 1076 614 1132 imagine
647 1077 782 1131 copias
814 1075 888 1117 tibi
922 1073 1072 1116 nostras
1103 1086 1174 1115 ex-

142 1148 342 1188 ponemus
368 1165 379 1186 ,
426 1134 473 1176 ut'
502 1134 647 1177 sentias
688 1135 858 1176 demum
887 1163 900 1184 ,
941 1143 1098 1186 quanto
1131 1127 1177 1170 fit

142 1190 274 1233 nostra
305 1191 493 1246 potentia
526 1190 685 1242 major:
721 1206 817 1233 cum
851 1202 992 1231 tamen
1012 1200 1056 1229 tu
1083 1185 1175 1228 stre-

144 1247 233 1302 pitu
258 1249 400 1290 orbem
427 1247 698 1304 compleveris
721 1245 960 1290 &tumultu
977 1277 991 1298 ,
1017 1259 1090 1287 nos
1104 1257 1173 1285 au·

145 1315 229 1346 tem
264 1303 436 1348 latenter
466 1305 509 1348 &
557 1304 720 1348 occulto
763 1318 846 1345 rem
876 1303 1053 1345 nostram
1083 1315 1176 1354 aga·

142 1375 235 1404 mus
255 1360 309 1404 ita
336 1361 538 1414 feliciter,
565 1374 609 1404 ut
637 1361 716 1404 sine
733 1359 858 1403 ullius
883 1358 1064 1410 invidia,
1097 1357 1179 1399 sine

144 1416 266 1470 odio,
291 1418 376 1460 imo
408 1434 501 1461 cum
537 1418 697 1473 ingenti
732 1416 872 1460 favore
893 1415 1140 1472 populorum
1164 1443 1176 1466 ,

147 1474 393 1517 horrendam
424 1475 656 1518 animarum
694 1474 864 1529 stragem
895 1471 1141 1516 ediderimus
1167 1501 1176 1511 .

148 1531 218 1573 Tu
250 1532 372 1581 modo
406 1531 484 1574 huc
514 1532 676 1575 adverte
700 1531 889 1575 animum
908 1561 920 1581 ,
952 1530 993 1572 &
1013 1528 1178 1572 attende

138 1587 244 1642 vquid
279 1588 357 1632 tuis
391 1588 425 1631 se
457 1588 625 1640 objiciat
673 1588 840 1632 oculis?
884 1588 1037 1630 HAER.
1070 1583 1179 1639 Quid

145 1643 321 1688 humum
355 1645 519 1701 pedibus
564 1645 735 1701 pulsas?
779 1646 869 1688 Cur
913 1642 1063 1687 incutis
1098 1640 1181 1685 solo

146 1701 334 1758 virgam?
366 1702 562 1757 quidnam
593 1718 738 1746 evocas
758 1717 778 1746 e
798 1699 1025 1758 profundo?
1050 1701 1181 1751 Hem,

147 1772 192 1802 ut
226 1771 333 1803 terra
353 1759 523 1803 dissiluit
538 1791 550 1813 ,
583 1771 627 1803 ut
645 1759 758 1804 efflat
779 1758 998 1814 caliginem
1017 1789 1030 1811 ‚
1054 1771 1180 1812 quam

146 1827 243 1860 atrae
269 1817 435 1871 surgunt
456 1815 639 1869 nebulae,
673 1815 803 1873 qualis
822 1814 946 1860 foetor
969 1814 1036 1857 hic
1049 1814 1180 1857 effun-

148 1873 285 1918 ditur?
320 1876 414 1928 Quo
446 1874 501 1918 sol
534 1875 716 1929 recessit,
747 1873 837 1930 quis
858 1872 991 1916 lucem
1006 1869 1181 1925 fugavit,

151 1930 257 1975 unde
290 1944 374 1974 tam
409 1943 574 1987 repente
606 1947 686 1975 nox
719 1931 774 1974 est
792 1929 985 1974 addam?
1021 1930 1182 1971 Iamte-

150 1986 286 2030 nebris
317 1987 493 2044 undique
525 1987 899 2033 circumfundimur
927 2018 940 2040 ,
972 1985 1046 2028 nisi
1075 1983 1182 2040 quod

153 2045 272 2091 dubia
304 2046 485 2100 quaedam
518 2046 588 2089 lux
621 2046 674 2088 est
706 2044 958 2088 intermista.
990 2043 1110 2085 Num
1124 2057 1184 2085 re-

152 2100 266 2156 lapsae
299 2103 431 2146 sumus
461 2103 509 2146 ad
539 2101 718 2155 inferos,
749 2101 797 2145 ad
828 2113 977 2144 terram
998 2098 1183 2143 ascenda-

153 2173 274 2212 mus,
307 2159 395 2215 quis
427 2159 525 2204 illuc
558 2175 630 2203 nos
660 2158 797 2203 insciis
822 2158 939 2201 nobis
960 2156 1183 2200 revocavit?

153 2216 234 2259 Dic
263 2232 362 2272 age,
397 2233 488 2260 mea
522 2217 628 2260 soror
646 2248 658 2269 ‚
691 2216 795 2260 unde
815 2229 899 2258 tam
921 2229 1028 2258 nova
1049 2229 1183 2257 rerum

152 2275 432 2327 perturbatio?
467 2275 589 2317 CAS.
622 2275 728 2317 Mox
761 2273 882 2327 scies,
914 2270 1079 2316 intende
1105 2270 1185 2314 huc

151 2330 293 2374 oculos
316 2363 326 2372 .
367 2332 516 2374 HAER.
549 2334 660 2375 Hem
693 2329 1072 2386 quale‚monstrum
1097 2343 1184 2372 eru-

155 2387 409 2442 pit„atrum
428 2421 439 2442 ‚
472 2388 612 2442 ferox,
642 2387 943 2440 &horridum3
973 2402 1068 2430 cum
1082 2385 1186 2429 acri-

154 2459 200 2486 us
233 2445 423 2500 intueor,
458 2447 573 2490 redeo
608 2446 650 2488 in
684 2444 930 2489 memoriam
957 2443 1092 2486 illius:
1115 2442 1183 2485 Ah

156 2501 344 2564 Hydram
377 2519 524 2557 nempe
556 2503 653 2547 adeo
696 2502 815 2545 nobis
857 2501 1105 2545 familiarem
1137 2515 1185 2543 ex

157 2557 298 2601 inferis
329 2559 495 2604 eduxisti
524 2592 535 2613 ‚
568 2558 722 2604 'verum
766 2559 850 2603 haec
882 2559 1053 2602 totidem
1097 2556 1186 2613 qui-

155 2614 246 2677 dem
266 2647 277 2667 ,
311 2631 394 2658 non
426 2630 563 2661 autern
594 2619 734 2660 eadem
767 2615 1086 2671 habet-capita,
1111 2614 1184 2657 dis-

158 2671 305 2735 similia
340 2673 428 2715 sunt
458 2691 529 2716 ora
557 2707 569 2725 ,
601 2672 804 2718 dissimilis
838 2673 996 2716 vultus.
1029 2673 1120 2723 Jam
1155 2670 1189 2714 fe

157 2732 402 2785 circumagit
434 2729 476 2773 in
507 2733 646 2774 orbem
676 2763 688 2785 ,
737 2730 818 2782 jam
851 2731 976 2774 cauda
1007 2727 1189 2784 flagellat

157 2786 335 2850 humum
356 2819 368 2839 ,
403 2786 483 2837 jain
518 2782 798 2843 posterioribus
829 2788 994 2845 pedibus
1025 2786 1190 2830 inflexis

161 2859 203 2887 in
235 2845 508 2888 anterioribus
539 2844 740 2888 consistit.
772 2847 864 2897 Jam
892 2845 1008 2888 illam
1029 2844 1188 2900 inspexi

161 2913 289 2944 totam
317 2933 330 2955 ,
375 2902 563 2955 Hydram
587 2933 598 2955 ‚
643 2901 760 2944 video
791 2902 989 2945 diversam
1022 2902 1071 2945 ab
1102 2917 1148 2944 ea
1179 2933 1191 2954 ,

160 2974 249 3014 quae
268 2959 370 3013 apud
393 2974 549 3013 patrem
572 2972 807 3014 permanere
827 2959 1049 3002 consuevit.
1069 2958 1191 3001 CAS.

163 3016 287 3059 Re&
321 3029 436 3071 putas
467 3048 477 3065 ,
511 3015 593 3059 alia
625 3029 802 3070 namque
834 3013 917 3058 haec
948 3016 1001 3058 est
1031 3047 1038 3055 .
1071 3018 1193 3058 Hanc

1602 117 1605 119 .
1647 111 1661 125 .
2137 72 2243 137 167

1213 155 1353 200 HER.
1401 152 1561 198 Miram
1607 159 1695 194 rem
1738 157 1881 188 narras
1907 173 1919 186 .
1962 142 2086 187 CAS.
2128 144 2246 196 Haec,

1210 228 1335 270 quam
1367 211 1505 259 vides,
1538 206 1680 262 Hydra
1712 202 1768 247 est
1799 199 1968 245 celebris
2000 200 2075 243 illa
2101 200 2144 244 &
2174 215 2246 243 ca·
2306 243 2311 246 ,

1214 269 1340 326 ptiosa
1371 267 1669 313 Probabilitas·
1702 262 1804 325 Haeq
1835 257 1888 322 est
1913 258 2093 300 nostrum
2109 257 2249 312 robur,

1215 330 1298 372 haec
1331 327 1462 370 nostra
1496 322 1709 381 potentia,
1742 317 1875 362 vincit
1906 315 1991 358 haec
2020 329 2164 357 omnes
2188 313 2251 376 le-

1215 401 1320 442 ges,
1363 384 1406 427 8<
1447 381 1578 427 divini
1622 377 1719 432 juris
1761 372 1952 431 repagula
1995 381 2250 435 perrumpit.
2307 402 2312 406 .

1216 443 1327 487 Huic
1348 440 1536 487 Ecclesiae
1556 435 1753 482 universae
1769 431 1876 479 cedit
1887 429 2127 491 auSloritas.
2149 427 2251 468 Non

1217 500 1339 544 modo
1371 500 1565 556 scriptum
1596 495 1656 549 jus
1680 491 1753 537 ista
1778 488 2007 548 pervertit,
2028 481 2253 529 sedinscul·

1219 570 1330 612 ptam
1363 558 1407 601 in
1428 554 1634 600 mentibus
1653 550 1876 605 hominum
1906 564 1928 591 a
1952 557 2100 589 natura
2116 541 2253 596 legem

1221 614 1440 658 honestatis
1459 612 1676 656 obliterat.
1701 610 1795 652 Hac
1820 603 2066 655 invasimus,
2093 599 2256 661 haccit-

1222 671 1494 728 pugnavimus
1541 669 1756 713 caritatem
1785 696 1799 719 ,
1840 664 1916 727 hac
1947 661 1994 704 de
2025 654 2255 715 apostoliCis

1222 729 1378 784 scriptis
1393 760 1406 780 ‚
1436 729 1483 772 de
1506 726 1687 770 domina
1705 720 1947 777 evangelica
1962 749 1977 772 ,
2003 716 2049 759 de
2080 726 2167 757 tota
2186 711 2254 755 de-

1223 786 1344 842 nique
1379 784 1576 840 religione
1594 778 1943 835 triumphavimus
1961 807 1970 818 .
1995 773 2148 817 HAER.
2164 771 2254 811 Va-

1223 843 1351 886 lidum
1383 840 1588 897 profefi'to,
1617 854 1664 881 ac
1693 835 1879 880 mirabile
1906 831 2165 881 monstrum3
2190 825 2251 869 sed

1222 900 1318 956 quid
1350 899 1420 942 ista
1441 898 1625 952 capitum
1650 893 1879 945 diversitas,
1911 905 1986 935 cur
2008 886 2146 932 vultus
2167 895 2255 927 tam

1222 957 1266 1001 in
1302 956 1335 1000 se
1363 955 1573 999 dissimiles
1592 986 1605 1008 ,
1627 967 1699 996 cur
1729 967 1778 996 ex
1803 951 1866 994 his
1894 959 2070 1004 quatuor
2091 952 2256 986 tantum

1223 1029 1350 1058 cornu
1381 1012 1598 1068 praeferunt
1621 1010 1665 1054 in
1702 1008 1838 1051 fronte
1869 1009 1882 1049 Ξ
1925 1004 2054 1048 CAS.
2081 1000 2143 1041 Ut
2167 1011 2258 1041 rem

1222 1085 1395 1115 omnem
1421 1083 1580 1114 teneaS.
1609 1069 1712 1111 Haec
1737 1062 1894 1120 singula
1916 1062 2053 1116 capita
2073 1054 2257 1100 suntfin-

1223 1127 1310 1185 guli
1351 1127 1430 1171 loci
1475 1139 1747 1177 communeS,
1782 1121 1889 1165 unde
1912 1119 1972 1162 vis
1995 1118 2037 1161 δί
2063 1115 2184 1176 robur
2206 1110 2257 1154 ad

1223 1185 1452 1229 dominam
1480 1181 1787 1226 Probabilitatis
1811 1188 2002 1239 emanat.
2036 1168 2260 1231 Quodlibet

1223 1243 1335 1287 enim
1363 1243 1511 1290 boisum
1538 1238 1721 1294 capitum
1758 1237 1824 1279 suo
1855 1247 2057 1296 praecipuo
2089 1239 2262 1272 nomine

1225 1316 1271 1344 ac
1301 1298 1435 1344 officio
1467 1295 1750 1352 distinguitur.
1781 1291 1910 1335 Vides
1939 1304 2053 1352 enim
2084 1287 2162 1329 hoc
2181 1283 2260 1325 hu-

1224 1357 1283 1400 mi
1313 1355 1525 1400 demissum
1546 1386 1563 1408 ‚
1591 1351 1870 1400 semisomne',
1901 1346 2103 1402 stupidum
2135 1373 2149 1395 ,
2176 1351 2260 1381 tor-

1226 1429 1327 1469 pens·
1353 1412 1676 1466 involutumque
1703 1422 1854 1458 coeuo,
1881 1403 1929 1446 ad
1960 1401 2114 1446 coelum
2139 1396 2260 1440 nele-

1227 1472 1332 1514 viter
1362 1469 1526 1526 quidem
1558 1465 1787 1511 attollens?
1838 1463 1932 1505 Hoc
1962 1459 2016 1503 est
2047 1465 2261 1513 peccatum

1226 1526 1584 1581 philosophicum.
1618 1524 1770 1568 HffiR.
1796 1518 1905 1574 Quid
1938 1517 2019 1570 est,
2050 1512 2157 1570 quod
2172 1525 2262 1553 cor-

1227 1601 1286 1629 nu
1302 1600 1386 1628 non
1408 1583 1528 1627 habet
1548 1582 1592 1626 in
1620 1581 1785 1623 fronte?
1803 1577 1928 1620 CAS.
1943 1576 2082 1618 Grave
2097 1567 2262 1620 vulnus,

1227 1643 1335 1686 soror
1366 1657 1482 1694 mea,
1516 1637 1730 1682 refricasti.
1763 1635 1913 1678 Cornu
1941 1630 2047 1688 quod
2070 1626 2261 1688 gerebat,

1226 1714 1386 1755 quoque
1419 1697 1645 1752 impetebat
1675 1692 1901 1748 simplicem
1935 1687 2097 1754 turbam
2122 1683 2261 1726 &im-

1228 1757 1432 1812 peritam,
1463 1769 1548 1797 non
1579 1753 1648 1797 diu
1678 1751 1762 1805 est,
1789 1764 1886 1793 cum
1915 1762 1955 1790 ei
1987 1744 2065 1788 fuit
2089 1741 2262 1784 obtrun-

1227 1827 1367 1858 catum
1397 1813 1447 1856 ab
1478 1810 1718 1855 Alexandro
1749 1808 1884 1851 VIII.
1907 1796 2261 1864 Pont.Max·.Ve-

1229 1887 1319 1914 rum
1351 1868 1588 1914 accedamus
1619 1867 1669 1911 ad
1697 1864 1830 1917 aliud·
1863 1864 1932 1907 En
1950 1871 2070 1915 caput
2091 1856 2150 1900 isti
2169 1868 2262 1917 pro-

1229 1927 1391 1971 ximum
1423 1925 1588 1982 angusta
1619 1924 1661 1968 &
1693 1932 1878 1978 caperata
1913 1918 2050 1962 fronte
2077 1911 2263 1956 obductis

1231 1984 1452 2041 superciliis
1477 2015 1488 2036 ‚
1531 1981 1668 2026 buccis
1708 1979 1868 2024 inflatis
1906 1973 2263 2039 effundenstene-

1229 2044 1316 2085 bras
1348 2073 1359 2094 ,
1401 2041 1445 2084 ὃς
1478 2052 1625 2083 tetram
1656 2050 1851 2080 emovens
1882 2033 2105 2094 caliginem
2127 2058 2141 2081 ‚
2181 2039 2263 2080 qua

1231 2099 1385 2144 coelum
1430 2097 1532 2153 teg't
1574 2096 1617 2140 δι
1649 2095 1782 2138 lucem
1814 2091 1939 2146 eripit
1966 2087 2100 2133 oculis
2121 2111 2131 2125 ι
2160 2084 2267 2127 Haee

1229 2158 1282 2201 est
1313 2154 1545 2211 ignorantia
1564 2150 1850 2208 inculpabilis.
1880 2147 2034 2192 HAER.
2051 2145 2169 2199 Euge
2185 2140 2266 2182 hoc

1231 2215 1441 2269 integrum
1475 2211 1595 2254 habet
1626 2225 1753 2254 cornu
1779 2240 1790 2250 .
1822 2206 1896 2250 Sed
1927 2204 2023 2262 quid
2054 2202 2134 2264 hoc
2163 2197 2266 2257 alte-

1231 2288 1322 2315 rum
1354 2282 1474 2326 caput
1507 2281 1592 2311 tam
1625 2267 1733 2310 varie
1768 2265 1802 2309 se
1833 2262 2005 2307 fle8iens
2033 2259 2265 2304 &circum-

1233 2327 1403 2372 volvens
1449 2325 1578 2370 oculis
1609 2325 1772 2368 acribus
1799 2322 1843 2367 δι
1866 2320 1995 2365 acutis
2020 2349 2033 2372 ‚
2063 2314 2265 2359 transver-

1233 2387 1279 2431 sis
1310 2398 1450 2428 tamen
1490 2383 1534 2426 δε
1581 2380 1758 2437 obliquis
1789 2412 1802 2434 ‚
1846 2391 1891 2423 ut
1932 2375 2086 2421 nescias
2115 2386 2195 2429 quo
2227 2369 2264 2435 fe

1233 2455 1364 2488 vertat
1395 2441 1501 2485 acies
1532 2454 1678 2495 anceps
1697 2439 1738 2480 ἃ
1758 2437 1904 2481 dubia?
1937 2437 2081 2486 Hem,
2108 2428 2264 2495 &huic

1233 2515 1360 2544 cornu
1390 2497 1515 2542 deest.
1553 2497 1676 2539 CAS.
1709 2497 1810 2538 Haec
1841 2494 1894 2538 est
1925 2490 2094 2536 direffio
2124 2499 2264 2530 inten-

1237 2555 1391 2609 tionis,
1421 2555 1463 2599 &
1496 2553 1690 2598 restriffio
1721 2550 1943 2604 mentalis,
1971 2551 2035 2593 cui
2070 2543 2171 2602 proh
2195 2542 2270 2599 do·-

1238 2615 1299 2658 lor
1324 2620 1332 2658 Ξ
1376 2615 1597 2656 Innocent.
1630 2611 1708 2652 XL
1740 2609 1823 2652 iem
1854 2605 2073 2665 praevalido
2102 2600 2267 2653 decussit

1238 2687 1398 2717 cornu.
1451 2670 1602 2713 HAER.
1636 2666 1744 2722 Quid
1777 2667 1854 2709 hoc
1887 2678 1972 2708 tam
2003 2662 2130 2707 audax
2163 2691 2175 2714 ,
2221 2657 2267 2701 δί

1241 2729 1455 2786 petulanS,
1486 2726 1590 2783 quod
1623 2722 1930 2776 irridentiffi&
1961 2727 2265 2766 contemnentis

1238 2802 1351 2831 more
1383 2785 1490 2829 coelo
1532 2783 1734 2827 cervicem
1776 2779 1957 2825 obvertit
1988 2810 2002 2832 ,
2048 2776 2266 2839 distorquet

1240 2846 1372 2896 labia,
1403 2855 1518 2887 extra
1550 2857 1595 2885 os
1626 2840 1810 2894 linguam
1843 2836 2007 2894 'projicit
2036 2834 2080 2878 ὅ(
2110 2842 2264 2888 agitat,

1241 2902 1406 2957 solisque
1439 2899 1569 2942 radios
1599 2897 1749 2941 avertit
1779 2896 1952 2948 affidue3
1984 2905 2112 2955 neq-ue
2136 2903 2266 2933 cornu

1241 2959 1321 3004 hoc
1354 2958 1480 3001 servat
1512 2956 1717 3010 integrum
1744 2987 1756 3008 ,
1800 2954 1888 2996 imo
1919 2962 2142 2995 recentiora
2175 2946 2266 3009 sunt

1243 3014 1406 3070 vestigia
1438 3012 1617 3056 vulneris
1647 3015 1661 3056 ἓ
1703 3012 1824 3055 CAS.
1855 3012 1950 3053 Hoc
1979 3006 2033 3050 est
2065 3003 2267 3060 neglefiho

163 3087 240 3128 ego
274 3073 439 3130 peperi,
473 3073 516 3117 δι
545 3089 595 3119 ex
630 3071 693 3117 his
723 3072 776 3117 est
806 3071 947 3118 emissa
967 3072 1195 3117 visceribus.
1244 3071 1377 3118 divini
1407 3071 1586 3125 amoris,
1618 3069 1699 3114 sive
1728 3068 1894 3113 accessio
1924 3082 1947 3110 a
1966 3062 2179 3110 dilectione
2204 3058 2267 3103 ul-

2175 3116 2270 3163 timi
