2451 3470
217 114 295 168 44

600 98 743 151 DE
824 60 1360 157 ROMANO
1431 100 1994 154 IMPERIO

202 169 403 228 prioribus
436 170 683 215 nominibus
731 170 949 215 restitutis.
981 171 1044 222 (a)
1078 169 1264 223 Denique
1317 176 1421 220 haud
1454 191 1550 218 vero
1580 174 1639 226 jus
1668 173 1741 217 effe
1777 186 1930 228 poterat
1964 173 2195 229 Imperium
2216 172 2351 218 secum

206 228 485 274 incedentibus
528 244 595 284 per
643 230 947 284 antiquitatem
975 257 988 279 ,
1032 225 1140 286 nihil
1183 240 1264 268 cre-

208 286 319 330 brius
341 298 524 329 occurret
548 316 562 340 ,
609 301 664 341 qu
682 301 748 328 am
781 288 950 327 Senatus
981 283 1161 332 maiestas
1193 282 1263 324 cir-

214 342 397 388 cumfusa
427 342 620 397 supremae
673 359 720 385 ac
753 341 893 396 Pcegiae
914 339 1116 394 potestatis
1131 353 1267 381 exem-

217 400 296 458 plis
325 415 372 442 ac
407 399 568 452 juribus
610 415 712 443 cum
757 398 944 452 Principe
965 394 1131 451 quidem
1157 410 1270 439 com-

219 457 454 509 munibus;
499 456 559 499 sed
607 455 851 499 auctoritate
892 452 1229 507 praestantioribus
1261 483 1271 493 .

223 515 342 557 Nam
374 515 543 557 Senatus
582 529 675 556 eam
711 511 948 565 potestatem
975 508 1160 550 nativam
1176 523 1272 562 prae-

226 570 383 615 ferebat
413 571 456 614 ἃ
487 584 692 624 ecorpore
708 568 773 610 suo
792 577 981 620 perpetuo
1003 577 1271 617 manantem,

228 628 422 683 Princeps
453 642 552 670 vero
586 626 758 668 eandem
791 622 965 665 habebat
1000 620 1068 662 fibi
1100 638 1122 663 a
1149 622 1270 663 Sena·

230 697 279 729 tu
310 683 663 728 communicatam
694 681 739 723 ἃ
761 677 1088 733 translatitiam,
1121 679 1180 722 uti
1202 679 1270 720 Se-

239 756 357 787 natus
400 740 534 796 portio
573 754 620 781 ac
665 736 879 787 maiestatis
913 735 1078 777 summae
1110 733 1275 788 partici-

236 799 350 855 patio
378 830 387 840 .
419 799 519 851 Quae
552 793 753 848 Principis
786 792 956 848 potestas
989 792 1198 834 corruebat
1232 791 1276 832 si-

237 857 322 900 mul
369 869 462 898 cum
513 851 610 895 aens
640 851 844 903 ejusdem,
876 848 1115 905 quandoque
1147 864 1170 890 a
1204 848 1275 890 Pa-

238 914 365 957 tribus
409 908 676 953 rescindendis
704 939 717 960 ,
748 922 793 950 ea
829 907 879 949 sc.
912 905 1104 959 potestate
1135 905 1281 946 abute-

239 981 351 1014 retur
382 998 396 1008 .
435 966 520 1008 Cui
556 980 605 1008 ne
638 964 819 1020 periculo
851 960 1089 1016 Principum
1123 960 1269 1004 consti-

238 1027 415 1071 tutiones
448 1035 632 1077 paterent
653 1052 666 1075 ,
694 1019 899 1062 orationes
931 1018 979 1059 ab
1011 1017 1058 1060 iis
1092 1017 1238 1058 habitae
1264 1048 1277 1070 ,

241 1081 526 1134 sententiaeque
569 1078 614 1120 in
661 1078 811 1119 Senatu
854 1074 968 1116 dieiae
1007 1075 1048 1115 S.
1080 1075 1133 1115 C.
1178 1089 1282 1115 con-

240 1139 510 1183 firmabantur
535 1167 548 1188 ,
598 1148 642 1177 ut
692 1130 1080 1185 Jurisconsultorum
1130 1145 1284 1172 monu-

242 1207 383 1239 menta
417 1193 636 1236 testantur:
670 1190 772 1245 apud
804 1203 904 1244 quos
936 1188 974 1229 S.
1007 1188 1061 1229 C.
1090 1186 1134 1228 δί
1167 1187 1282 1230 Prin-

243 1254 384 1306 cipum
415 1249 620 1292 orationes
650 1246 873 1301 promiscue
905 1244 1184 1305 accipiuntur.
1221 1244 1284 1296 (b)

245 1309 365 1364 Quod
398 1321 533 1349 rerum
565 1304 782 1348 arbitrium
815 1303 862 1344 ad
883 1300 1208 1343 Constantinum
1224 1301 1281 1342 us-

247 1381 327 1422 que
377 1365 420 1407 in
463 1364 613 1405 Senatu
646 1358 827 1403 mansisse
859 1357 951 1400 inde
984 1357 1111 1410 liquet
1135 1388 1147 1409 ,
1179 1357 1285 1414 quod

247 1424 418 1464 Senatus
449 1417 723 1462 Constantino
756 1416 906 1470 primas
937 1414 1162 1469 imperandi
1195 1430 1285 1468 par-

247 1491 332 1533 tes,
366 1476 580 1534 postposito
611 1472 854 1518 Maximino
875 1502 887 1524 ,
915 1470 1098 1513 tribuerit
1118 1501 1128 1512 .
1159 1472 1218 1522 (c)

377 1591 425 1635 C
484 1592 525 1635 A
584 1590 615 1632 P
673 1589 718 1631 U
778 1588 821 1629 T
937 1585 1146 1629 XXXIX.

291 1708 356 1752 De
383 1704 492 1759 falsa
517 1703 676 1761 imperii
704 1700 961 1745 translatione
985 1699 1040 1742 ad
1061 1700 1211 1743 Graecos
1231 1729 1242 1741 .

253 1820 368 1923 N
386 1822 502 1877 Eque
536 1817 712 1874 Regiam
732 1817 902 1860 Senatus
914 1814 1156 1857 Potestatem
1173 1844 1186 1867 ,
1219 1828 1289 1867 po·

406 1879 485 1921 stea
517 1874 815 1919 Constantinus
847 1884 916 1915 aut
947 1870 1092 1926 fregit,
1125 1884 1193 1912 aut
1225 1886 1291 1912 ur-

254 1936 303 1978 be
344 1933 527 1977 avulsam
560 1933 795 1975 Bizantium
832 1929 1062 1982 adportavit
1087 1959 1096 1968 .
1140 1927 1289 1982 Quini-

253 2008 327 2035 mo
347 2022 359 2043 ‚
403 1989 522 2044 longe
553 1989 674 2032 aliter
702 2004 751 2030 a:
783 1986 911 2040 vulgo
943 1998 1094 2027 temere
1130 1984 1290 2046 fertus,

255 2049 300 2092 ἃ
332 2047 497 2103 pristina
530 2045 600 2089 ille
630 2046 803 2088 Senatus
834 2042 920 2094 jura
943 2074 954 2095 ,
987 2042 1195 2084 Maxentii
1230 2056 1291 2082 ni-

257 2105 412 2148 mirum
444 2102 682 2146 crudelitate
715 2102 876 2143 turbata
905 2130 916 2151 ,
949 2098 1131 2140 Patribus
1164 2098 1288 2140 reddi-

255 2163 341 2213 dit,
373 2173 417 2203 ut
450 2173 589 2202 narrat
622 2157 738 2200 nobis
770 2170 884 2199 vetus
901 2168 1063 2206 orator,
1096 2156 1291 2206 (d)&te-

256 2221 324 2261 des
340 2216 509 2270 Imperii
526 2248 537 2269 ‚
570 2211 1136 2269 publiciquejurisaustoritas
1158 2213 1285 2254 etiam

255 2274 483 2318 discedente
537 2271 841 2319 constantino,
872 2271 1017 2311 Romae
1048 2267 1290 2322 permansit.

255 2387 451 2443 persona,
483 2385 510 2427 fi
542 2386 709 2440 potestas
734 2382 868 2427 civilis
883 2397 1093 2436 nunquam
1111 2388 1204 2425 dum
1225 2398 1293 2436 po·

257 2444 395 2488 testate
413 2442 582 2485 militari
597 2457 645 2484 ex
659 2440 861 2484 Romanis
877 2438 1066 2481 institutis
1081 2471 1094 2492 ,
1127 2439 1201 2482 nifi
1219 2439 1294 2481 sus-

254 2500 385 2555 ceptis
399 2500 445 2541 ad
457 2512 618 2552 tempus
634 2496 957 2552 magistratibus,
988 2496 1295 2539 confundeban-

254 2560 347 2601 tur?
376 2558 432 2600 Et
453 2554 692 2608 Imperatori
707 2554 869 2609 quidem
885 2552 941 2594 sas
955 2567 1038 2595 erat
1057 2554 1089 2595 se
1106 2553 1291 2596 transfer-

255 2631 298 2658 re
329 2627 585 2669 quocumque
619 2611 818 2653 bellorum
847 2613 1075 2661 necestitas,
1124 2609 1295 2664 Imperii

257 2671 388 2715 tutela
414 2701 428 2725 ,
467 2669 510 2712 &
543 2667 730 2711 locorum
761 2667 1044 2722 opportunitas
1075 2668 1255 2711 traheret
1283 2683 1296 2721 3

817 2827 938 2847 ἔ--ι-

312 2869 391 2911 (a)
417 2867 584 2902 tamarid.
611 2868 646 2898 in
671 2869 737 2899 vis.
763 2869 882 2898 Comm.
907 2867 943 2897 in
963 2865 1025 2907 fin.

311 2913 398 2954 (b)
421 2910 558 2944 Eriffon.
584 2913 741 2954 antiquit.
769 2910 824 2943 hb.
862 2922 886 2942 r.
913 2919 981 2949 cap.
1013 2912 1058 2942 16.

312 2959 392 3000 (c)
419 2958 568 2989 Laclant.
607 2956 644 2987 de
668 2965 761 2988 mort.
788 2956 899 2998 perfec.
926 2961 993 2995 cap.
1020 2964 1072 2992 44.
1096 2962 1126 2996 p.
1154 2955 1205 2994 38.
1229 2954 1302 2989 Til-

270 3005 413 3036 iemont.
440 3001 474 3031 in
499 2998 620 3033 cauea.
647 3010 708 3031 are,
740 3009 790 3031 27.
818 3008 849 3040 p.
873 3001 943 3037 138.

313 3048 396 3087 (d)
426 3048 546 3085 Paneg.
572 3055 639 3076 vn.
667 3048 685 3075 6
725 3052 798 3085 pag.
832 3053 900 3082 137.
920 3044 1032 3075 editio
1049 3043 1222 3077 Livinerio
1236 3045 1305 3076 An-

265 3100 373 3133 tuci-p.
407 3100 499 3129 1399,
529 3092 617 3120 Nam
644 3088 722 3131 quid
749 3099 808 3129 ego
833 3088 872 3120 de
897 3088 968 3120 tuis
995 3089 1028 3119 in
1052 3089 1151 3121 Curia
1177 3089 1302 3121 senten-

264 3138 349 3178 tiis,
375 3144 474 3178 atque
498 3133 579 3168 εἴτις
604 3135 750 3178 loquar,
776 3132 894 3176 quibus
916 3134 1052 3167 Senatui
1076 3133 1307 3173 austeritatem

1321 233 1498 282 trajicere
1529 263 1541 283 ,
1574 242 1642 273 aut
1675 246 1839 273 movere
1869 232 2167 285 rempublicam
2200 243 2358 273 averte-

1320 305 1436 345 reque
1481 288 1563 330 alio
1597 288 1832 341 potestatem
1868 303 2003 331 rerum
2037 288 2313 331 humanarum
2335 318 2351 340 ‚

1320 361 1440 402 quam
1473 344 1735 388 conditorum
1764 375 1776 393 ,
1805 344 1847 385 ἃ
1880 343 2037 388 civium
2071 345 2233 387 suorum
2268 342 2356 385 san·

1321 404 1440 456 guine
1475 417 1520 443 ac
1554 402 1705 443 virtute
1739 400 1849 454 supra
1884 400 1999 443 mille
2032 416 2240 444 annorum
2272 399 2361 454 spa-

1321 460 1423 502 tium
1459 457 1523 500 fibi
1542 460 1674 499 Roma
1692 470 1896 510 pepererat
1917 487 1927 498 .
1959 457 2273 512 Rempublicam
2295 455 2363 498 ni-

1322 517 1472 558 mirum
1507 513 1802 556 Constantinus
1833 514 2016 566 Imperio
2048 514 2236 568 tenebat,
2271 527 2358 555 uon

1321 571 1623 627 patrimonium
1672 583 1739 610 aut
1778 569 1981 612 familiam
2018 570 2248 622 servorum,
2283 583 2358 612 nec

1320 628 1604 670 dominabatur
1636 625 1708 667 ille
1736 625 1870 669 liberis
1898 626 2056 681 populis
2075 657 2088 678 ,
2119 625 2181 668 sed
2194 638 2359 668 tantum

1322 685 1573 737 imperabat,
1607 684 1683 724 hoc
1715 683 1767 724 eti
1803 684 1844 725 in
1879 686 2167 725 Romanorum
2200 682 2355 724 utilita-

1323 755 1405 783 tem
1451 756 1564 782 arma
1604 738 1646 781 ἃ
1681 739 1840 791 publica
1874 739 1957 790 jura
1986 772 1997 791 ‚
2038 738 2361 783 extraordinaria

1325 798 1552 847 majestate,
1587 794 1806 837 trachium
1841 799 1944 838 unde
1978 796 2110 840 necin
2126 794 2360 838 mentemei

1327 854 1462 896 venire
1479 854 1625 906 potuit,
1639 853 1743 907 quod
1759 869 1855 907 grex
1874 854 2192 907 mancipiorum,
2209 852 2361 894 nedum

1326 912 1366 954 in
1403 913 1591 952 Romana
1621 911 1873 963 Republica,
1909 911 1968 952 sed
1993 910 2092 953 &in
2110 907 2367 958 naturaliju-

1327 967 1587 1023 risprudentia
1603 965 1776 1019 hospites
1791 998 1801 1017 7
1836 967 1998 1020 posteris
2012 966 2265 1010 tradiderunt
2281 993 2292 1005 .

1525 1079 1963 1122 CAPUT
2079 1081 2169 1122 XL.

1389 1193 1587 1246 Quomodo
1619 1192 1847 1247 accipienda
1869 1192 1924 1246 fit
1941 1193 2113 1249 'Imperii
2137 1191 2306 1246 divtfiO.

1412 1309 1504 1350 Ane
1535 1322 1679 1349 omues
1712 1305 1772 1349 illi
1805 1318 1898 1349 aute
1930 1307 2251 1350 Constantinum
2275 1304 2371 1351 Cae-

1430 1366 1529 1406 sares
1557 1395 1568 1414 ,
1607 1364 1674 1420 qui
1719 1363 1933 1406 voluissent
1976 1380 2164 1407 accurare
2198 1363 2367 1418 pensum

1334 1421 1473 1473 suum,
1507 1433 1592 1462 toto
1625 1420 1705 1462 fere
1737 1421 2136 1474 Imperiitempore,
2168 1419 2372 1475 proculab

1334 1479 1429 1521 urbe
1447 1510 1458 1529 ,
1493 1493 1559 1531 per
1578 1477 1746 1530 Scythas
1761 1509 1774 1529 ,
1795 1478 1979 1520 Thraces
1994 1508 2004 1528 ,
2025 1480 2228 1519 Sarmatas
2242 1476 2374 1530 regio·

1336 1535 1479 1590 nesque
1520 1549 1584 1577 eas
1629 1534 1861 1576 ferebantur
1890 1566 1903 1587 ,
1944 1549 2182 1588 quacunque
2216 1532 2372 1576 barbari

1336 1592 1512 1634 crebrius
1561 1591 1603 1632 in
1650 1593 1861 1632 Romanos
1902 1591 2000 1633 fines
2033 1590 2336 1633 effunderentur
2361 1619 2374 1633 .

1337 1650 1438 1702 Quat
1471 1647 1729 1690 barbarorum
1745 1648 1907 1689 audacia
1928 1647 2219 1703 undequaque,
2250 1662 2296 1689 ac
2311 1646 2378 1688 sae-

1338 1720 1383 1759 pe
1412 1704 1595 1747 cooriens
1626 1704 1931 1746 Diocletianum
1957 1705 2186 1758 Principem
2205 1703 2380 1757 pruden-

1338 1762 1532 1804 tissimum
1567 1761 1700 1816 coegit
1732 1760 1908 1803 dividere
1944 1760 2010 1802 fibi
2039 1777 2131 1803 cum
2147 1760 2380 1802 Maximia-

1338 1834 1392 1860 no
1423 1832 1566 1861 curarn
1595 1817 1906 1872 provinciarum
1939 1817 2164 1860 Occidente
2198 1816 2376 1868 tradi103

1337 1875 1485 1930 sibique
1517 1875 1690 1917 Oriente
1722 1886 1908 1927 retento,
1939 1875 1985 1916 ad
2003 1873 2134 1916 Persas
2155 1872 2376 1925 „aliosque

1338 1933 1553 1987 regionum
1589 1931 1753 1973 illarum
1787 1932 1974 1973 barbaros
2001 1931 2267 1973 coercendos.
2302 1930 2380 1971 Ea-

1337 2005 1414 2044 que
1448 2004 1528 2029 non
1566 1987 1734 2040 Imperii
1766 1986 1961 2029 divisione
1983 2019 1994 2038 ,
2030 1985 2379 2029 sedadministra-

1338 2044 1464 2087 rionis
1479 2076 1489 2096 ‚
1509 2043 1619 2093 cujus
1640 2050 1799 2086 summa
1817 2059 1935 2096 penes
1954 2044 2260 2086 Diocletianum
2275 2054 2377 2094 erat,

1337 2102 1488 2157 duplici
1521 2101 1647 2143 veluti
1683 2101 1975 2154 munimento,
2006 2118 2026 2142 a
2064 2101 2266 2143 Romanis
2286 2099 2381 2141 fini-

1340 2162 1410 2201 bus
1444 2158 1570 2200 hostes
1595 2158 1954 2213 propulsabantur.
1989 2159 2105 2212 Quid
2125 2154 2379 2201 Diocletiani

1342 2215 1558 2258 consilium
1601 2215 1898 2257 Constantinus
1942 2217 2184 2258 confirmare
2218 2214 2259 2255 in
2293 2228 2383 2267 per-

1319 2286 1509 2329 ¹petuum
1542 2271 1690 2314 studuit
1709 2303 1720 2323 ,
1747 2272 1792 2314 ἃ
1823 2285 1967 2314 contra
1998 2272 2218 2314 orientales
2245 2271 2381 2312 barba,

253 2333 316 2384 (¹⁵)
350 2331 420 2373 An
443 2329 556 2372 enim
580 2325 880 2382 commigrasset
904 2340 998 2368 cum
1027 2325 1293 2381 Imperatoris
1319 2329 1322 2358 ἓ

1341 2346 1434 2382 ros,
1465 2341 1656 2370 aeternam
1682 2344 1818 2371 arcem
1850 2331 2039 2370 Romano
2067 2328 2246 2381 Imperio
2265 2358 2278 2379 ‚
2310 2342 2387 2369 no-

1344 2400 1517 2441 vamque
1541 2384 1668 2427 sedern
1694 2384 1936 2440 Imperatori
1959 2384 2157 2427 collocare
2179 2415 2189 2435 ,
2211 2383 2384 2437 amplia-

1344 2457 1385 2486 ta
1419 2442 1684 2497 munitaque,
1716 2458 1761 2485 ac
1794 2442 2000 2493 moenibus
2030 2441 2071 2483 8<
2104 2440 2304 2491 aedificiis,
2335 2440 2385 2482 ad

1343 2499 1452 2543 urbis
1485 2499 1711 2553 imaginem
1731 2530 1744 2551 ,
1777 2498 1929 2541 sublata
1963 2498 2192 2550 Byzantio,
2224 2512 2387 2552 quama

1348 2558 1381 2600 se
1416 2556 1659 2599 incrementi
1694 2555 1776 2604 ejus
1807 2554 2000 2606 auc'tore,
2035 2554 2389 2606 Constantinopo-

1347 2614 1419 2656 lim
1451 2612 1698 2666 appellavit,
1733 2611 1924 2665 suumque
1959 2611 2012 2652 ibi
2039 2611 2298 2652 domicilium
2315 2607 2388 2653 sta·

1348 2671 1428 2714 tuit
1455 2700 1469 2722 ,
1506 2681 1549 2711 ut
1583 2668 1745 2724 longius
1763 2684 1786 2710 a
1806 2667 2045 2711 nostratibus
2068 2667 2216 2711 aculeis
2232 2667 2387 2721 abiret,

2283 2722 2388 2774 judi-

1351 2868 1520 2909 pr:stinam
1551 2867 1715 2898 reddidisti
1734 2889 1742 2898 .

1394 2912 1479 2952 (⁴²)
1507 2914 1555 2944 11·
1581 2920 1717 2950 tamen,
1743 2920 1778 2944 ut
1801 2921 1876 2944 curn
1902 2913 2021 2944 Senatu
2047 2908 2387 2951 Constantinopolita-

1352 2967 1394 2989 no
1419 2957 1719 2988 communicaretur
1746 2978 1758 2995 ‚
1780 2956 1866 2989 unde
1892 2956 1961 2989 bini
1985 2954 2146 2987 Consules
2163 2977 2173 2991 ,
2215 2954 2297 2986 alter
2326 2960 2391 2988 Ro.

1356 3010 1468 3033 manus
1499 3023 1509 3040 ,
1546 3001 1628 3033 alter
1666 3001 2048 3043 constantinopolitanus
2073 3023 2082 3031 .
2124 2998 2222 3041 Quod
2247 2998 2278 3030 se
2306 3010 2387 3040 αξη

1355 3056 1421 3078 non
1444 3044 1528 3078 ferre
1556 3045 1624 3078 sola
1648 3045 1723 3078 satis
1738 3047 1897 3089 patientia
1911 3045 1964 3077 sua
1980 3043 2161 3076 declaravit
2176 3047 2196 3076 S
2217 3046 2247 3074 Ρ.
2265 3046 2349 3083 QR.
2370 3065 2383 3082 .,

1358 3101 1430 3123 ffum
1466 3090 1586 3123 dudum
1627 3100 1723 3124 antea
1761 3090 1925 3135 plerisque
1947 3088 2071 3128 iuribus
2095 3088 2160 3122 suis
2174 3098 2242 3134 >per
2264 3086 2383 3121 deren»

1357 3135 1503 3171 &tionem
1527 3134 1725 3173 excidisset.

1794 2834 2391 2848 ——.——-——-———.-—.-
