2451 3470
183 128 293 182 154
619 111 1835 185 -J.v.GRAv1NAE

170 187 280 243 quod
313 183 463 228 alicubi
502 184 667 240 publica
707 183 951 229 educatione
982 197 1103 240 atque
1130 202 1249 244 cura·
1276 186 1382 242 quod
1415 203 1508 231 cum
1543 188 1747 233 summum
1788 193 1940 235 bonum
1974 191 2015 237 in
2047 190 2196 248 pietate
2228 207 2302 248 po·

174 244 467 288 commovetur
495 244 541 287 Ec
578 244 786 287 excitatur
810 275 822 296 ,
868 242 971 298 apud
1004 257 1078 284 nos
1107 243 1221 286 domi
1244 250 1249 300 J
1275 259 1347 286 nas
1378 257 1498 301 atque
1532 245 1736 290 honestate
1769 279 1780 301 ,
1814 250 2060 307 propinquos
2091 251 2133 294 ὃς
2165 247 2302 293 neces-

175 301 362 345 nascatur
386 333 398 354 ‚
444 301 485 344 &
532 301 573 344 in
618 315 769 355 magna
814 315 951 342 rerum
983 315 1029 342 ac
1064 305 1247 358 tempo-l
1278 301 1396 343 sarios
1430 305 1594 345 virtutis
1624 319 1747 359 quam
1776 303 1979 361 sanguinis
2001 309 2200 351 affinitate
2217 322 2301 350 rna·

178 373 270 401 rum
315 359 552 402 difficultate
601 357 761 412 privato
816 357 929 400 cultu
977 357 1179 410 praestetur

182 412 389 471 Quamvis
419 415 534 458 enim
567 430 701 457 rerum
750 413 907 469 fastigia
941 412 1085 456 vitiosa
1118 415 1325 458 ratio‘est
1357 417 1459 470 apud
1493 431 1531 460 te
1565 419 1698 472 prius,
1731 435 1854 475 quam
1889 421 2127 466 vetustatem
2159 423 2201 465 δί
2227 436 2302 463 no-

182 484 350 527 teneat,
384 474 487 516 rena
523 472 556 514 se
589 473 730 514 tamen
766 471 960 525 privatim
979 471 1220 525 insinuavit,
1273 472 1476 516 bilitatem
1511 475 1668 528 generis
1724 477 1983 522 incremento
2016 494 2132 522 novae
2161 477 2301 534 gloriae

180 545 264 585 ac,
285 531 313 574 fi
340 546 424 574 non
450 530 634 581 eminet,
671 528 808 572 saltem
834 527 964 583 repit.
988 528 1104 571 Nam
1121 544 1219 583 prae-
1271 545 1316 572 ac
1349 529 1564 574 illustrium
1597 533 1851 578 imitatione.
1885 535 2117 579 facinorum
2148 534 2300 589 ampli·

177 597 248 630 >ter
278 604 345 631 eos
377 619 388 641 ,
418 597 593 643 quorum
629 585 799 628 virtutes
828 586 874 629 ἃ
907 585 1032 629 literae
1063 585 1127 628 vel
1159 585 1217 629 ci·
1269 587 1388 630 ficare
1416 620 1427 641 ‚
1469 605 1567 632 cum
1611 604 1702 632 non·
1740 605 1826 634 tam
1865 609 1964 647 opes
1996 593 2036 636 &
2073 594 2300 647 potentiam

185 644 335 688 vilibus
368 643 531 686 {aerisve
563 643 800 686 muneribus
830 658 842 696 ς
886 642 950 685 vel
984 642 1104 687 editis
1136 642 1218 694 jam
1267 645 1412 687 domus
1445 646 1579 689 vestrae
1600 679 1611 700 ,
1643 663 1768 703 quam
1798 651 2019 692 continuos
2051 664 2316 705 proavorum,

186 700 303 744 libris
338 701 426 745 sunt
454 700 630 754 insignes
657 731 670 753 ,
703 715 879 756 quorum
909 699 983 743 alii
1015 701 1057 743 in
1082 700 1217 743 Philo·
1268 701 1444 744 honores
1478 705 1642 759 proprio
1676 705 1882 760 splendore
1912 723 1961 749 ac
1988 707 2102 751 laude
2124 706 2301 750 tuearis.

186 758 326 814 sophia
356 790 370 812 ,
418 758 482 800 vel
514 759 757 800 Geometria
790 790 802 812 ,

182 815 255 858 alii
289 816 331 858 in
365 814 641 870 Eloquentia,
676 813 896 869 praesertim
937 814 982 857 in
1015 814 1214 858 laudatio·
1265 831 1341 858 nus
1383 819 1549 861 traditas
1592 835 1616 861 a
1662 819 1881 871 majoribus
1924 822 2129 876 accepistis
2161 853 2173 875 ‚
2215 835 2302 863 non

183 872 304 914 nibus
332 903 343 924 ‚
376 872 440 914 vel
476 871 644 914 Etrusca
677 872 818 925 Poefi,
849 871 920 913 alii
954 872 997 914 in
1027 873 1126 923 Jure
1158 871 1216 914 ci.-
1266 875 1412 929 exigua
1443 891 1534 931 pars
1562 875 1608 918 in
1639 875 1763 920 fratre
1810 890 1880 920 tuo
1910 878 2094 922 consedit
2123 910 2135 930 ‚
2180 891 2303 933 atque

182 930 257 972 vili
290 927 354 971 vel
388 929 632 981 Pontificio,
666 929 824 973 sacrave
853 928 1092 985 Theologia
1109 929 1214 971 sum·
1266 930 1309 973 in
1341 931 1424 983 ejus
1455 934 1624 988 animo,
1656 935 1769 978 velut
1789 935 1905 978 arbos
1925 936 1967 978 in
1990 935 2158 979 feracius
2173 946 2304 978 trans-

1208 360 1245 398 .‘
1273 358 1323 401 lis
1353 358 1501 403 habere
1530 359 1799 412 -conju1i&os.
1834 365 1926 406 Nec
1951 366 2322 421 'enimquicquamv⁴

846 757 910 801 vel
956 757 1172 801 Medicina
1205 759 1532 811 3‘Summarum
1565 774 1704 805 autem
1737 763 1964 818 virtutum,
2001 779 2098 820 quas
2131 779 2200 819 per
2214 779 2325 807 rna--

182 1002 250 1028 ma
283 1001 376 1028 curn
413 985 525 1028 laude
559 986 791 1029 versantur:
822 985 970 1028 adsunt
998 985 1041 1029 ὅ(
1068 987 1216 1041 plures,

182 1042 403 1098 praesertim
438 1042 644 1096 Neapoli,
679 1044 745 1086 ubi
778 1043 970 1086 omnium
1003 1044 1056 1085 est
1070 1043 1216 1087 doetri-

180 1115 329 1142 narum
358 1101 638 1156 bonarumque
663 1100 817 1142 artium
844 1099 1083 1152 celebritas,
1116 1117 1215 1155 quo—

178 1172 272 1199 rum
305 1156 415 1200 fama
449 1157 632 1199 nondum
665 1158 905 1209 emanavit,
937 1156 1006 1213 qui
1042 1157 1103 1200 vel
1129 1175 1215 1201 mo-

176 1213 298 1257 destia
324 1246 336 1268 ,
369 1212 432 1257 vel
468 1213 558 1257 vitae
591 1214 775 1257 instituto
801 1245 812 1267 ‚
846 1214 910 1257 vel
944 1216 1214 1269 occupatione

178 1271 325 1315 sorensi
351 1305 361 1323 ‚
396 1270 458 1313 vel
492 1287 626 1314 rerum
662 1271 940 1315 humanarum
972 1285 1212 1326 contemtu,

178 1327 245 1370 vel
278 1328 450 1384 denique
482 1329 640 1372 duriore
673 1328 839 1372 fortuna
862 1361 875 1383 ,
907 1344 985 1384 qua
1019 1329 1109 1372 sane
1144 1330 1212 1372 hic

177 1384 305 1429 multi
339 1385 657 1439 confliRamur,
691 1385 964 1442 frequentiam
990 1386 1210 1431 hominum

177 1454 369 1487 caventes
413 1442 455 1485 in
500 1443 586 1486 smu
629 1443 843 1499 gaudent,
891 1459 965 1486 nec
1007 1444 1105 1486 dum
1139 1444 1210 1487 sese

178 1499 262 1543 luci
297 1500 586 1554 crediderunt,
619 1501 675 1544 ita
709 1513 751 1543 ut
782 1501 831 1544 ad
864 1514 1024 1544 exteros
1058 1501 1210 1544 leviora

173 1557 273 1612 saepe
319 1558 606 1613 perveniant,
655 1573 750 1601 cum
796 1558 986 1613 graviora
1034 1558 1104 1601 vix
1152 1558 1209 1602 es-

176 1613 338 1658 ssuant:
375 1630 459 1658 non
491 1616 605 1659 enirn
636 1614 756 1669 aliis,
792 1615 852 1658 sed
885 1615 1001 1658 nobis
1028 1627 1210 1659 tantum·

174 1671 301 1715 modo
334 1671 445 1716 intus
494 1672 681 1716 canimus
705 1705 717 1714 .
760 1673 957 1727 Quietem
991 1672 1106 1716 enim
1137 1675 1202 1716 ob-

177 1729 335 1773 scuram
369 1731 501 1785 quam'
538 1729 834 1774 tumultuosam
870 1730 1044 1785 gloriam
1077 1730 1204 1774 malu-

174 1801 292 1830 mus.
326 1787 468 1840 Nam,
500 1787 606 1844 quod
639 1787 836 1842 sapienter
859 1788 1086 1842 &egregie
1106 1789 1206 1832 Car—

182 1843 303 1887 tesius
334 1844 558 1898 expendit,
593 1844 801 1888 literarum
835 1845 1011 1901 gloriam
1034 1845 1130 1900 saepe
1152 1859 1206 1888 to-

179 1900 262 1944 tius
306 1902 398 1945 vitae
442 1902 694 1956 perturbatio
737 1902 1027 1957 consequitur.
1079 1903 1210 1947 Vale.

177 1960 326 2003 Romae
358 1974 430 2001 vt.
450 1958 546 2002 Kal.
576 1958 756 2003 Martias
786 1960 1095 2003 MDCXCIV.

215 2178 301 2228 De
344 2178 794 2232 CONTEMTU
840 2178 1174 2244 MORTtS,

284 2308 369 2349 AD
413 2307 715 2353 FRANCISCUM
767 2310 1102 2353 PIGNATELLUM

287 2367 699 2412 ARCHIEPISCOPUM
733 2369 1060 2413 TARENTINUM
1080 2399 1091 2411 .

174 2476 280 2578 G
301 2478 408 2522 Ravi
440 2495 562 2531 cura,
595 2498 672 2538 qua
704 2482 982 2538 premebaris,
1016 2481 1208 2528 liberatus

193 2589 200 2597 ·
237 2591 244 2597 θ
317 2551 358 2578 es
392 2552 520 2592 nuper
554 2538 821 2594 superioribus
854 2540 981 2584 literis
1008 2572 1020 2595 ,
1063 2541 1208 2597 quibus

173 2591 246 2633 tibi
279 2592 506 2649 significavi
533 2627 545 2649 ,
579 2596 857 2641 valetudinem
891 2597 1091 2642 francisci
1121 2599 1205 2642 Ca—

171 2647 265 2690 rasa:
295 2649 428 2693 fratris
462 2653 520 2695 tui
553 2651 634 2703 jam
666 2654 740 2697 esse
773 2655 1068 2699 communibus
1101 2655 1208 2699 votis

171 2703 230 2746 Sc·
259 2706 460 2750 bonorum
506 2710 700 2753 omnium
745 2710 871 2754 studio
910 2724 1033 2767 atque
1068 2711 1208 2756 laetitia

135 2810 146 2817 ἢ
169 2775 398 2825 reparatam
434 2797 441 2806 .
486 2767 586 2820 Quae
617 2783 714 2810 cum
759 2767 885 2810 literae
917 2768 994 2811 tibi
1024 2768 1209 2819 jucundae

170 2817 354 2881 suerint,
385 2834 506 2865 erunt
538 2823 599 2865 ha:
635 2823 814 2880 profesto
846 2824 1127 2880 jucundiores,
1157 2842 1207 2870 ex

173 2876 316 2941 quibus
364 2893 449 2921 non
493 2881 615 2924 modo
669 2880 838 2924 allevari
896 2881 977 2932 jam
1027 2884 1209 2938 corporis

172 2947 374 2996 nuncium
405 2936 613 2992 accipies;
659 2954 801 2982 verum
833 2939 959 2982 etiam
990 2940 1208 2995 cognosces

172 2991 370 3034 invitum
405 2992 516 3037 illius
546 2995 590 3038 in
625 2996 772 3038 morbo
804 2996 1208 3041 tolerando&c0m-

171 3048 393 3109 temnenda
428 3064 560 3095 morte
592 3053 886 3096 constantiam.
924 3054 1082 3110 Quibus
1105 3070 1208 3099 nun-

160 3119 250 3157 ciis
277 3120 326 3151 eo
358 3118 396 3151 te
436 3108 612 3154 arbitror
654 3109 907 3157 oblestatum
952 3112 1000 3156 iri
1033 3113 1163 3170 magis
1194 3144 1208 3168 ,

1271 989 1349 1032 lata
1384 989 1548 1042 solum,
1586 991 1768 1034 nimium
1800 1006 2002 1048 quantum
2034 992 2220 1038 effloruit
2252 1007 2300 1034 ac

1270 1045 1529 1100 pullulavit.
1572 1050 1697 1092 Hanc
1729 1048 1799 1092 ille
1845 1050 2042 1092 virtutem
2085 1062 2303 1098 cumvtota

1269 1103 1352 1145 vita
1370 1135 1382 1156 ,
1414 1120 1492 1159 qua
1522 1103 1706 1148 confilii.
1732 1120 1810 1160 qua
1835 1121 1968 1148 rerum
1989 1106 2188 1161 gestarum
2201 1121 2304 1162 praef

1269 1161 1438 1213 stantia,
1475 1175 1553 1215 prae
1586 1161 1620 1203 se
1655 1161 1822 1215 tulerit,
1854 1176 1945 1206 tum
1978 1165 2021 1206 in
2054 1164 2200 1207 mortis
2233 1178 2305 1217 pe-

1269 1217 1398 1260 riculo
1427 1217 1634 1261 cumulate
1681 1219 1891 1272 reddidit,
1935 1221 1990 1263 ita
2023 1233 2068 1263 ut
2099 1221 2304 1263 videretur

1266 1290 1435 1317 omnem
1464 1274 1731 1330 sapientiam,
1764 1276 1889 1319 totius
1918 1277 2010 1320 vitae
2038 1277 2151 1321 cursu
2171 1277 2302 1321 fusam

1266 1349 1310 1374 ac
1336 1333 1585 1387 explicatam
1609 1363 1622 1386 ‚
1665 1333 1712 1375 ad
1746 1347 1981 1377 extremum
2014 1333 2113 1377 illud
2142 1347 2303 1390 tempus

1265 1390 1531 1443 contraxisse,
1563 1402 1682 1445 atque
1707 1389 1754 1433 ad
1780 1390 1975 1434 ultimum
2005 1391 2220 1435 contulisse
2240 1390 2304 1434 di·

1267 1447 1436 1491 scrimen
1462 1479 1472 1490 .
1512 1448 1626 1490 Cum
1651 1448 1764 1490 enim
1793 1447 1996 1498 dejee’tum
2029 1447 2123 1491 esset
2154 1448 2304 1491 morbo

1263 1520 1432 1560 corpus,
1465 1504 1546 1559 ipse
1578 1516 1718 1548 tamen
1743 1504 1886 1548 animo
1916 1521 2130 1561 nunquam
2158 1504 2311 1567 conci-.-

1262 1561 1350 1615 dit3
1383 1562 1444 1605 sed
1476 1560 1630 1605 ereffius
1669 1561 1789 1617 usque
1821 1578 1867 1606 ac
1896 1562 1965 1606 fibi
1992 1564 2160 1618 praesens
2185 1594 2198 1617 ‚
2231 1561 2303 1606 ubi

1265 1635 1432 1663 munera
1468 1619 1626 1674 pietatis
1664 1618 1958 1663 intermitteret
1993 1651 2005 1673 ,
2035 1621 2082 1663 ad
2113 1633 2302 1665 veterum

1265 1689 1460 1732 praecepta
1498 1676 1726 1731 sapientum
1765 1678 2052 1721 revolvebatur
2076 1710 2087 1720 .
2132 1679 2196 1720 Ac
2223 1691 2302 1732 prae

1263 1736 1405 1778 ceteris
1436 1733 1541 1777 curis
1579 1749 1710 1777 unum
1752 1733 1885 1785 ajebat
1925 1736 2025 1778 bene
2066 1734 2234 1778 vivendi
2255 1750 2304 1778 ac

1265 1794 1363 1835 bene
1386 1782 1597 1834 moriendi
1612 1791 1786 1834 studium
1814 1792 1881 1835 sibi
1901 1791 2010 1835 fuisse
2027 1791 2275 1846 propositum
2293 1823 2306 1836 .

1265 1849 1544 1904 Quamobrem
1566 1864 1664 1892 eum
1685 1848 1818 1892 casum
1844 1849 1885 1891 in
1908 1849 2094 1892 beneficii
2121 1848 2212 1892 loco
2227 1865 2301 1903 po-

1265 1910 1412 1950 nebat:
1447 1917 1660 1962 propterea
1692 1907 1798 1961 quod
1831 1906 2094 1957 afflictisjam
2111 1905 2299 1959 sensibus,

1264 1981 1346 2007 non
1380 1964 1501 2006 modo
1533 1963 1774 2007 interclusus
1794 1964 1886 2007 esset
1906 1964 2038 2006 aditus
2061 1963 2200 2017 vitiis,
2232 1978 2301 2006 ve-

1263 2038 1353 2065 rum
1378 2021 1508 2064 etiam
1530 2021 1642 2064 radix
1665 2033 1812 2065 eorum
1829 2021 2129 2076 elanguesceret
2145 2037 2153 2062 τ
2169 2019 2299 2076 quod-

1262 2095 1337 2135 que
1371 2078 1498 2122 fuerat
1529 2078 1565 2121 ei
1599 2077 1783 2122 maxime
1817 2079 1861 2122 in
1893 2078 2071 2135 optatis,
2104 2091 2149 2122 ut
2165 2077 2296 2132 culpa:

1263 2136 1490 2192 perieulum
1522 2135 1685 2191 longius
1715 2149 1871 2180 arceret
1905 2168 1917 2189 ,
1959 2136 2000 2180 id
2034 2135 2102 2178 sibi
2136 2135 2296 2178 dicebat

1260 2211 1282 2237 a
1314 2195 1462 2238 morbo
1495 2194 1691 2248 praestari.
1720 2194 1929 2249 Adspee‘cu
1950 2208 2126 2248 namque
2146 2191 2296 2235 mortis

1226 2299 1228 2302 v
1260 2252 1504 2307 opinionem
1547 2266 1685 2294 rerum
1737 2250 2014 2294 humanarum
2047 2249 2121 2294 effe
2153 2248 2296 2303 depul-

1262 2310 1370 2361 sam,
1401 2325 1448 2352 ac
1476 2308 1669 2352 'animum
1699 2324 1723 2352 a
1756 2308 1997 2352 mortalibus
2025 2307 2130 2350 curis
2151 2307 2295 2350 adim-

1261 2366 1500 2410 mortalium
1535 2366 1739 2410 bonorum
1788 2364 2186 2420 contemplationem
2220 2364 2292 2406 ab-

1259 2425 1451 2468 dufi‘tum.
1485 2425 1585 2480 Quae
1618 2424 1683 2466 illi
1713 2424 1813 2468 adeo
1836 2424 2058 2475 haeserant,
2091 2435 2134 2464 ut
2159 2436 2290 2478 neque

1258 2481 1531 2526 familiarium
1563 2482 1734 2535 officiis,
1765 2497 1896 2537 neque
1921 2480 2217 2524 carissimorum
2241 2478 2292 2522 li·-

1261 2542 1449 2583 berorum
1479 2539 1695 2595 adspeetu,
1725 2539 1776 2582 ad
1808 2553 1869 2582 res
1901 2537 2102 2581 humanas
2123 2552 2291 2579 revoca-

1260 2611 1399 2650 retur,
1432 2596 1492 2640 sed
1524 2595 1636 2640 siccis
1665 2596 1797 2640 oculis
1829 2596 2065 2639 intuebatur
2086 2593 2290 2637 moes'tissi-

1258 2669 1422 2697 morum
1453 2653 1773 2697 adolescentium
1806 2653 2033 2707 lacrymas,
2066 2652 2113 2695 in
2141 2650 2289 2706 quibus

1260 2711 1454 2765 tantisper
1484 2722 1623 2754 mente
1655 2711 1808 2754 defixus
1840 2727 1907 2754 eos
1926 2709 2200 2761 admonebat,
2227 2719 2288 2759 ut,

1257 2769 1286 2811 fi
1332 2767 1494 2811 nullum
1540 2769 1704 2811 virtutis
1748 2769 1983 2822 exemplum
2034 2766 2158 2822 patris
2200 2765 2289 2808 vita

1259 2825 1568 2881 suppeditasset,
1603 2839 1778 2869 mortem
1817 2826 1955 2870 saltem
1993 2824 2061 2883 fibi
2093 2823 2289 2866 ducerent

1256 2882 1507 2925 imitandam
1541 2914 1550 2924 .
1596 2883 1688 2927 Nec
1729 2883 1846 2927 enirn
1887 2883 2087 2938 exiguum
2120 2897 2142 2924 a
2175 2893 2288 2935 patre

1259 2940 1350 2982 vitae
1385 2940 1606 2995 praefidium
1640 2941 1910 2994 habituros,‘
1937 2940 1962 2982 si
1995 2951 2124 2983 artem
2157 2938 2207 2980 ab
2236 2952 2287 2979 eo

1257 2997 1455 3041 discerent
1489 2999 1589 3042 bene
1623 2998 1825 3042 moriendi
1851 3029 1864 3050 ‚
1887 3005 1945 3041 'ex
1978 3013 2056 3052 qua
2088 2995 2193 3039 reSae
2228 2993 2316 3037 vi-'

1259 3055 1378 3097 vendi
1413 3055 1515 3099 ratio
1559 3057 1819 3100 deduceretur
1852 3086 1862 3096 .
1906 3058 1970 3098 Ac
2002 3054 2031 3097 si
2063 3055 2244 3108 saperent
2279 3082 2292 3104 ,

1260 3111 1337 3157 hoc
1371 3113 1611 3171 exemplum
1644 3114 1768 3170 pluris
1800 3113 2165 3169 facerent,-quam
2186 3122 2288 3209 olpu-

1699 3184 1703 3185 ⁷
2220 3181 2292 3210 en-

2423 2678 2445 2734 μμ.
2427 2648 2437 2660 ⁸
2428 2586 2439 2641 νὴ»
