2451 3470
522 73 888 147 JUR1s
967 31 1869 137 anema-mam.

133 152 324 208 agatur,
372 163 500 204 capax
543 148 618 192 esse
663 147 781 200 debet
809 149 938 192 etiam
966 145 1190 210 „implendae

133 204 384 252 conditionis
433 218 655 260 tempore:
704 220 801 248 nam
844 220 932 260 quae
964 218 1075 249 inter
1107 204 1191 250 haec

136 275 320 308 extrema
363 274 534 305 currunt
579 275 767 317 tempora
797 261 976 306 minime
1009 261 1190 304 conside-

136 332 278 364 rantur
302 351 312 362 .
343 319 486 371 Capax
519 331 658 362 autern
685 318 840 362 dicitur
870 317 934 371 is,
966 318 1034 373 qui
1071 318 1189 360 tesia-

140 377 274 422 menti
307 375 529 421 faesionem
564 376 708 428 habeat
732 406 747 428 ,
797 374 939 423 saltem
973 374 1188 428 passivam:

136 434 216 478 hoc
246 435 326 488 est,
355 433 455 489 qui,
484 432 556 478 etsi
587 433 878 476 testamentum
911 430 1111 473 condendi
1132 429 1189 473 fa·

137 492 288 535 cultate
320 503 453 534 careat
485 522 499 544 ‚
545 504 596 533 ex
629 489 869 532 testamento
901 499 1043 530 tamen
1074 502 1187 542 cape-

138 564 181 592 re
212 564 297 593 non
331 548 620 603 prohibeatur.

196 607 262 649 Ad
295 606 564 649 hereditatem
598 602 828 646 adeundam
861 602 925 654 (a)
953 600 1017 645 lex
1033 616 1191 645 annum

138 661 205 706 dat
238 663 401 717 heredi,
432 661 727 706 exordiendum
754 676 775 702 a
795 660 857 703 die
878 675 960 716 quo
983 659 1101 703 scivit
1123 659 1192 702 he-

142 720 358 764 reditatem
391 721 458 763 sibi
491 718 693 762 delatam.
728 719 783 760 Et
816 716 842 759 si
876 717 990 760 heres
1021 716 1190 760 ulterius

138 777 366 821 aditionem
416 775 616 819 distulerit
645 806 658 827 ‚
707 772 996 817 Creditoribus
1028 775 1192 828 perinde

135 849 183 877 ac
217 834 243 877 si
275 833 428 885 adiisset
452 864 465 886 ‚
498 831 704 887 obligatur
730 845 744 882 3
775 830 982 885 obligatur
1014 831 1117 873 item
1147 831 1192 874 δε

137 890 367 945 legatariis.
397 890 463 941 (b)
494 889 552 931 Et
584 886 761 942 respeecu
796 887 1021 939 substituti,
1054 903 1100 930 ac
1133 887 1188 931 le-

137 947 383 1002 gitimorum
427 944 622 988 heredum
666 943 865 986 hereditas
913 943 1086 986 habetur
1119 959 1191 999 pro

139 1003 347 1059 repudiata
377 1002 420 1047 δι
454 1002 502 1045 ad
534 1016 601 1044 eos
633 1000 798 1043 transit:
833 1001 919 1053 (c)
953 1001 1189 1056 substituto,

139 1060 332 1116 quamvis
365 1060 407 1104 in
440 1059 552 1102 illius
573 1057 713 1101 locum
735 1058 1017 1113 ingrediatur,
1051 1071 1190 1104 tamen

138 1117 183 1161 &
212 1131 376 1173 ternpus
406 1116 516 1161 aliud
545 1115 599 1158 ad
629 1114 941 1159 deliberandum
974 1116 1121 1160 datur.

198 1176 258 1218 At
271 1175 298 1218 si
315 1175 430 1219 heres
447 1171 649 1218 decesserit
663 1204 676 1225 ‚
690 1171 993 1216 deliberationis
1006 1186 1191 1229 tempore

137 1232 324 1276 nondum
337 1230 625 1287 expleto,qu0d
642 1228 917 1284 sibisuperfuit
936 1232 1129 1285 temporis
1144 1232 1190 1274 ad

138 1289 332 1334 heredem
379 1287 625 1334 transmittit
667 1287 902 1342 proprium:
936 1300 981 1330 ut
1013 1288 1121 1332 intra
1153 1290 1190 1332 id

142 1346 343 1391 residuum
362 1347 409 1390 de
432 1345 612 1389 adeunda
633 1342 855 1387 hereditate
867 1344 1063 1389 deliberet
1079 1377 1091 1399 ‚
1122 1347 1189 1398 (d)

145 1403 234 1448 suus
264 1420 360 1448 vero
395 1403 515 1447 heres‘
543 1433 556 1455 ,
601 1400 669 1456 qui
704 1401 739 1445 se
768 1400 1149 1458 abstinuit‚'potest
1175 1434 1188 1456 ,

142 1462 260 1504 rebus
291 1461 487 1517 integris,
520 1458 598 1502 hoe
622 1457 703 1511 est,
733 1473 820 1509 non
843 1459 1017 1502 venditis
1037 1491 1050 1513 ,
1081 1460 1191 1504 intra

143 1516 375 1561 triennium
405 1516 699 1561 abstenslonem
736 1531 955 1573 revocare.
987 1518 1046 1568 (e)

198 1575 362 1618 Verum
394 1575 472 1618 hoc
504 1573 754 1623 deliberandi
786 1572 846 1624 jus
877 1588 948 1629 per
977 1588 1134 1619 annum
1166 1591 1190 1620 a

141 1630 232 1687 lege
279 1632 508 1676 concessum
555 1631 693 1674 minus
724 1630 778 1674 est
809 1631 1073 1675 necessarium
1107 1633 1191 1688 post

138 1688 423 1733 inventarium
439 1706 462 1732 a
476 1689 704 1740 Justiniano
719 1688 1026 1744 excogitatum.
1062 1689 1190 1741 Cujus

139 1745 365 1789 inventarii
398 1747 596 1789 beneficio
626 1745 852 1800 expeditius
880 1746 1057 1802 pericula
1073 1747 1188 1791 here-

141 1802 288 1846 ditaria
312 1834 326 1856 ‚
368 1802 410 1846 δε
446 1803 693 1846 creditorum
725 1817 829 1846 onus
860 1804 1063 1846 evitamus
1095 1836 1104 1846 .
1146 1806 1186 1849 Si

140 1859 258 1903 enirn
279 1859 358 1903 rite
374 1892 386 1913 ,
419 1872 463 1903 ut
476 1859 725 1912 Justinianus
743 1861 930 1915 praecepit
949 1891 961 1914 ‚
979 1861 1083 1904 bona
1098 1878 1186 1906 orn-

141 1916 211 1959 nia
226 1947 238 1968 ‚
254 1916 298 1960 &
312 1916 397 1967 jura
411 1917 652 1961 hereditaria
670 1917 994 1973 descripserimus
1009 1934 1021 1971 3
1037 1919 1186 1963 heredi.

146 1984 206 2016 tas
232 1972 411 2017 defunffi
437 1991 533 2018 cum
569 1974 725 2018 heredis
748 1975 1000 2030 patrimonio
1014 1966 1189 2020 minime

144 2029 453 2080 confundentur
465 2063 477 2083 ‚
511 2046 641 2087 neque
659 2031 772 2074 heres
787 2035 899 2087 supra
912 2032 1017 2076 vires
1034 2033 1189 2077 heredi-

143 2086 266 2130 tarias
293 2088 586 2141 creditoribus,
616 2088 660 2132 &
678 2088 900 2143 Legatariis
913 2088 1117 2145 obligatur
1135 2124 1144 2134 .

202 2145 522 2188 Conficiendum
551 2145 605 2188 est
626 2159 773 2188 autem
799 2147 1087 2191 Inventarium
1116 2178 1128 2195 ,
1159 2148 1186 2192 si

145 2216 206 2244 res
248 2201 501 2246 hereditariae
532 2202 669 2257 praesto
701 2202 806 2257 sint,
837 2203 944 2246 intra
961 2205 1187 2259 nonaginta

145 2258 228 2301 dies
270 2260 321 2302 ab
363 2259 600 2303 hereditatis
642 2259 781 2303 delatae
826 2260 1029 2315 scientia3
1062 2262 1124 2306 vel
1161 2263 1186 2306 si

143 2330 206 2358 res
238 2316 376 2369 procul
411 2317 540 2360 absint
562 2349 575 2371 ,
606 2317 716 2361 intra
746 2332 1087 2363 annumamorte
1100 2320 1184 2364 Te-

143 2372 299 2417 statoris
341 2389 411 2429 per
453 2373 738 2418 Tabbellarios
768 2405 783 2428 ‚
827 2374 906 2420 five
952 2377 1148 2421 Notarios
1174 2411 1186 2431 ‚

145 2445 283 2473 coram
317 2431 505 2475 Testibus
538 2433 690 2486 tribus,
725 2430 790 2474 vel
827 2432 968 2476 saltem
1000 2434 1153 2478 duobus
1174 2467 1185 2489 ,

145 2488 380 2532 convocatis
411 2489 617 2546 legatariis
647 2522 660 2544 ,
689 2488 733 2532 δι
764 2489 1046 2534 Creditoribus
1071 2524 1083 2545 ‚
1115 2493 1181 2536 ad-

146 2542 247 2594 jetra
292 2546 580 2603 subscriptione
623 2545 818 2599 heredis3
862 2559 932 2590 aut
978 2549 1002 2591 si
1051 2549 1186 2593 literas

149 2600 305 2644 nesciat
332 2633 346 2654 ‚
392 2620 463 2659 pro
515 2603 660 2649 herede
696 2603 908 2654 subscribet
938 2606 1185 2651 Tabularius

146 2657 333 2702 Tcstibus
365 2661 621 2714 praesentibus
636 2694 646 2705 .
678 2659 758 2714 (f)

967 2873 1186 2883 ——-——-

190 2953 209 2991 (
226 2963 244 2982 α
257 2955 276 2993 “>
302 2955 338 2985 L.
353 2956 414 2987 ult.
434 2956 452 2995 §
478 2954 517 2986 (9²
536 2957 594 2988 baec
608 2955 731 2998 quidem
750 2960 781 2988 C.
801 2959 838 2989 de
847 2957 909 2995 jur.
925 2958 1024 2991 delib.

189 2999 263 3037 (d)
304 3003 348 3032 D.
376 3003 413 3032 L.
443 3003 503 3032 ult.
537 3001 563 3041 §¹
592 3001 643 3041 fin
666 3010 772 3032 auec-m
799 3003 863 3034 boc.
889 3005 924 3032 C.
955 3004 992 3035 de
1015 3003 1078 3042 jur.
1096 3003 1184 3039 delib

190 3046 259 3083 (ci
287 3045 352 3088 Leg
388 3046 542 3088 quamdiu
567 3043 684 3093 6921(-
709 3047 747 3078 de
773 3047 898 3089 adquin
924 3049 1026 3080 hered.

193 3089 260 3124 sd?-
289 3092 325 3121 L.
353 3100 422 3123 cum
446 3090 688 3134 antiquioribur
707 3113 714 3121 .
741 3094 776 3123 C.
796 3092 841 3124 de
856 3089 930 3129 'iun
960 3091 1058 3126 detib.

162 3137 190 3176 J
208 3133 248 3170 e]
277 3138 315 3166 L.
346 3138 409 3168 ult.
438 3138 478 3167 C.
503 3135 541 3170 de
567 3137 677 3179 repud.
710 3138 764 3170 vel
792 3134 904 3177 absim.
930 3137 1040 3190 hereat

2134 129 2139 135 .
2186 101 2249 137 22

1299 150 1402 202 Quae
1434 159 1573 197 tamen
1608 148 1886 195 solemnitates
1918 155 2059 200 nostris
2090 105 2292 217 tempor?-

1240 203 1312 246 bus
1355 204 1616 260 aliquatenus
1660 205 1927 263 negliguntur
1973 228 2139 269 propter
2171 211 2288 265 usum

1241 260 1324 312 ejus
1356 264 1588 315 cautionis,
1620 279 1742 318 quam
1779 264 1952 316 adjicere
1987 268 2184 328 solemus,
2217 292 2285 330 per

1240 333 1365 373 quam
1398 318 1514 363 dolus
1544 320 1702 378 heredis
1734 321 1993 377 excluditur,
2024 326 2066 368 ὃς
2096 330 2285 376 credito-

1239 375 1351 417 ribus
1386 391 1458 431 pro
1489 378 1793 433 emergentium
1828 381 2028 424 bonorum
2054 386 2280 433 notitiae-a-

1241 443 1387 485 vetur,
1418 431 1529 483 cuius
1559 435 1763 479 cautionis
1795 434 1974 480 formula
2005 440 2099 483 talis
2130 443 2209 496 est3
2238 450 2287 490 Si

1239 505 1322 539 φιτ
1347 491 1528 551 ponenda
1553 490 1695 554 [unt]
1726 510 1807 548 quae
1834 492 1959 550 pofita
1990 514 2065 540 non
2087 497 2242 552 fuerint
2267 538 2280 558 ,

1239 544 1293 608 Ο
1315 544 1352 598 st
1384 564 1465 600 quae
1488 550 1618 603 posita
1641 550 1740 602 sunt
1764 582 1777 604 ,
1807 568 1889 606 quae
1915 555 2012 608 poni
2041 572 2115 599 non
2144 559 2286 603 debue-

1239 613 1321 643 rmt
1344 618 1363 653 ,·
1394 620 1439 646 ne
1472 607 1657 662 cuiquam
1679 605 1736 660 fit
1759 606 1930 662 fraudi;
1962 628 2084 667 neque
2115 615 2284 661 damno.

1301 660 1493 714 Inspee’cis
1523 664 1666 716 opibus
1694 664 1972 719 hereditariis,
2007 669 2206 716 hereditas
2221 676 2287 719 vel

1244 716 1474 770 repudiatur
1499 750 1511 771 ‚
1544 719 1606 762 vel
1640 721 1772 764 aditur
1803 726 1992 778 expressis
2017 729 2147 772 verbis
2175 762 2184 772 .
2236 734 2287 776 In

1216 811 1220 816 .
1241 772 1378 815 locum
1410 775 1536 818 etiam
1566 777 1759 822 aditionis
1787 779 1958 825 succedit
1974 798 2046 837 pro
2060 784 2202 831 herede
2216 806 2287 845 ge-

1242 830 1342 883 stio,
1374 846 1468 874 curn
1503 833 1653 877 scilicet
1685 837 1772 891 quis
1799 836 1950 893 aliquid
1966 853 2054 896 agit
2069 857 2284 901 tamquam

1241 885 1354 929 heres
1381 918 1394 941 ‚
1441 901 1513 932 aut
1543 892 1649 946 quod
1681 895 1970 938 citrasnomen
1994 898 2149 944 heredis
2163 919 2281 959 agere

1240 957 1440 1007 nequeat:
1473 959 1517 990 ut
1544 948 1568 990 si
1591 949 1696 992 bona
1717 948 1957 996 hereditaria
1978 956 2151 1013 vendat,
2186 977 2285 1015 prae-

1236 1000 1303 1043 dia
1335 1001 1472 1060 colat,
1504 1004 1635 1059 locet,
1667 1007 1790 1049 instar
1824 1010 1999 1055 Domini
2027 1045 2036 1055 .
2069 1015 2157 1071 (g)
2190 1020 2284 1075 Quo

1238 1057 1330 1102 ae‘tu
1361 1058 1470 1104 adire
1503 1062 1685 1106 censetur
1719 1064 1879 1119 surdus,
1913 1067 1955 1111 ἃ.
1988 1083 2152 1115 mutus:
2185 1091 2283 1120 cum

1238 1130 1310 1170 pro
1343 1115 1507 1161 Infante
1537 1119 1581 1162 ὅ(
1617 1123 1831 1175 lmpubere
1863 1124 1976 1167 adeat
2008 1129 2171 1173 Tutor.

1298 1177 1354 1216 At
1371 1172 1396 1215 si
1413 1173 1561 1218 furioso
1577 1176 1773 1222 hereditas
1787 1179 2201 1236 deferatur‚Curatori
2217 1190 2286 1231 ad-

1240 1229 1506 1293 ministranda
1521 1234 1692 1277 traditur
1707 1267 1718 1287 ,
1750 1250 1792 1279 ut
1808 1238 1888 1292 post
1904 1239 2220 1295 resipiscentiam
2237 1246 2285 1291 de

1239 1286 1309 1329 illa
1326 1287 1390 1330 vel
1411 1289 1616 1344 adeunda,
1651 1292 1715 1335 vel
1732 1294 1973 1347 repudianda
1988 1297 2209 1345 deliberet:
2237 1319 2283 1346 ac

1240 1344 1266 1386 si
1283 1359 1365 1387 non
1386 1346 1591 1402 resipuerit
1608 1380 1621 1402 ‚
1650 1346 1847 1393 hereditas
1860 1351 2101 1399 transfertur
2113 1358 2160 1400 ad
2180 1359 2281 1404 alios

1240 1402 1306 1445 vel
1327 1418 1350 1445 a
1366 1400 1454 1458 lege
1476 1435 1489 1457 ,
1520 1403 1584 1448 vel
1599 1422 1621 1449 a
1640 1407 1851 1451 Testatore
1866 1423 2030 1454 vocatos
2052 1444 2060 1454 .
2092 1415 2147 1465 (h
2165 1417 2182 1464 )

1451 1517 1897 1566 TITULUS
1955 1520 2085 1569 XVI.

1614 1636 1681 1680 De
1710 1636 1898 1694 Legatis.

1341 1745 1523 1802 Egatum
1553 1749 1606 1792 est
1637 1751 1822 1795 Donatio
1853 1769 1875 1795 a
1909 1753 2118 1799 Defun&0
2137 1757 2276 1802 reliSta

1369 1806 1419 1847 ab
1451 1805 1596 1869 herede
1628 1808 1869 1862 praestanda,
1903 1823 1946 1852 ut
1972 1812 2278 1869 intelligamus,

1237 1872 1321 1900 non
1355 1877 1517 1918 propria
1547 1863 1815 1921 angioritate,
1849 1868 1909 1910 led
1940 1869 1991 1911 ab
2022 1869 2175 1915 heredis
2192 1889 2281 1916 ma·

1236 1930 1294 1958 nu
1323 1918 1398 1962 effe
1431 1919 1673 1975 capiendum
1692 1954 1702 1965 .

1279 1974 1334 2037 ‚Si
1365 1990 1506 2020 autern
1540 1978 1652 2023 heres
1685 1980 1866 2036 legatum
1901 1982 2077 2038 praeffare
2099 1987 2277 2040 recuset,

1236 2032 1365 2075 tribus
1415 2034 1645 2080 affionibus
1687 2039 1897 2082 conveniri
1946 2041 2049 2096 apud
2097 2039 2276 2092 judicem

1236 2090 1385 2143 potest.
1417 2091 1553 2136 Prima
1582 2094 1636 2136 est
1665 2095 1772 2138 aetio
1798 2096 2044 2151 personalis,
2075 2113 2164 2155 quae
2178 2116 2278 2143 con-

1235 2158 1295 2188 tra
1330 2147 1454 2201 ipsam
1505 2151 1716 2205 personam
1763 2152 1917 2197 heredis
1942 2185 1954 2208 ‚
1985 2155 2054 2212 qui
2090 2156 2273 2201 adeundo

1235 2204 1462 2266 Legatariis
1502 2208 1546 2251 &
1587 2210 1868 2254 creditoribus
1917 2213 2126 2268 obligatur
2153 2244 2166 2267 ,
2222 2229 2272 2258 ex

1235 2261 1319 2316 ipso
1350 2263 1594 2309 testamento
1623 2266 1851 2312 descendit.
1882 2269 1966 2321 (i)
2209 2265 2213 2274 ’

1291 2318 1437 2364 Altera
1460 2323 1515 2365 est
1528 2322 1636 2366 affio
1652 2324 1794 2379 realis,
1828 2324 1905 2370 sive
1922 2325 2147 2370 vindicatio
2165 2343 2276 2384 ‚quae

1235 2375 1412 2439 nascitur
1438 2394 1487 2423 ex
1505 2381 1558 2423 rei
1578 2380 1718 2437 legatae
1727 2382 1916 2426 dominio
1931 2415 1944 2436 ‚
1958 2434 1961 2435 ⁷
1976 2385 2080 2440 quod
2096 2400 2144 2428 ex
2161 2386 2277 2429 Con-

1233 2434 1440 2478 stitutione
1460 2437 1678 2488 Justiniani
1699 2439 1895 2483 transitin
1918 2441 2179 2494 Legatarium
2195 2474 2205 2484 .

1291 2491 1438 2555 Tertia
1468 2496 1520 2538 est
1552 2495 1657 2539 aetio
1690 2497 1982 2553 hypothecaria
2004 2508 2146 2541 contra
2169 2500 2274 2543 bona

1232 2564 1377 2593 omnia
1422 2550 1665 2596 hereditaria
1707 2571 1729 2597 a
1771 2570 2031 2610 quocumque
2075 2554 2275 2612 possessa,

1232 2621 1320 2661 quae
1353 2609 1574 2664 Legatariis
1604 2610 1784 2667 obligata
1815 2611 2052 2655 censentur.

1290 2664 1331 2706 Si
1364 2680 1462 2709 vero
1491 2666 1674 2724 legatum
1707 2670 1766 2714 ita
1796 2669 2049 2726 relinquatur
2077 2702 2090 2724 ,
2122 2682 2166 2713 ut
2199 2672 2277 2734 Le-

2096 2740 2274 2784 gatarius

1276 2960 1357 3003 (f)
1381 2961 1418 2993 L.
1446 2964 1508 2995 ulr-
1535 2965 1569 2994 C.
1596 2964 1634 2995 de
1656 2965 1718 3002 jur.
1744 2965 1841 2998 delib.

1276 3007 1359 3047 (g)
1384 3007 1421 3037 L.
1449 3016 1500 3039 ιο.
1527 3007 1566 3039 (9⁶
1590 3010 1727 3052 sequen.
1749 3009 1788 3054 ff
1815 3013 1939 3054 adquin
1968 3013 2069 3045 bered-

1275 3051 1358 3089 (h)
1383 3051 1420 3082 1..
1447 3053 1509 3096 usn.
1538 3055 1565 3094 §.
1600 3064 1647 3085 12.
1674 3065 1742 3086 cum
1763 3057 1828 3099 seq.
1858 3060 1892 3089 C.
1920 3057 1958 3092 de
1983 3067 2084 3091 curat.
2103 3058 2223 3101 furios.

1277 3096 1354 3136 (ι’)
1379 3094 1417 3127 L·
1445 3105 1475 3133 1.
1506 3099 1626 3131 Comm.
1656 3100 1693 3132 de
1718 3102 1820 3142 legat.
