2451 3470
541 104 1756 174 ·ORAT10NE8.‘
2161 115 2244 187 89³

83 184 166 237 ruit
195 224 207 243 ,
254 191 317 235 sed
365 192 554 237 exoticus
586 194 945 250 Longobardorum
979 191 1160 250 juribus'i
1189 192 1350 244 facem,
1383 207 1460 246 qua
1493 206 1573 232 non
1590 190 1712 231 modo
1734 186 1898 232 ltaliam
1922 222 1934 243 ,
1967 190 2226 238 sedGalliam

89 251 156 293 diu
189 249 519 302 obtemperavit,
550 252 795 306 dominaque
830 265 963 292 rerum
989 250 1158 295 huma-3
1188 249 1445 290 illuminavit
1477 246 1734 297 universam,
1769 260 1848 299 quo
1863 247 2049 292 consueta
2069 250 2228 295 civium

87 321 236 349 narum
284 306 389 360 leges
430 308 586 360 accepit
635 324 656 349 a
691 307 810 350 servis
841 308 882 348 &
916 306 1134 354 mancipiis
1185 305 1344 347 invidia
1377 304 1674 356 stomachum,
1706 303 1749 345 &
1779 303 2035 358 amplissimis
2058 309 2239 358 praemiis·

82 363 290 419 quondam
328 363 402 406 luis
427 394 436 405 .
493 364 657 407 Deletis
688 376 826 406 autem
859 362 1004 404 Caroli
1040 354 1157 402 Mad
1185 377 1205 403 a
1256 360 1467 404 francisco
1513 363 1548 404 1.
1581 359 1746 403 alnetus
1771 391 1783 412 ‚
1832 360 1880 402 ad
1929 361 2154 405 docendum
2190 364 2243 407 in*

83 421 157 476 gni
192 421 341 462 virtute
375 419 654 474 Lo‘ngobardis
685 450 699 473 ,
733 419 869 473 legum
905 399 1157 462 barbarieml
1186 418 1427 461 Bituricensi
1477 417 1609 461 schola
1641 416 1701 468 jus
1732 416 1854 460 civile
1885 419 2099 461 concessit.
2132 421 2195 463 Eo
2217 453 2231 475 ,

82 477 131 519 ad
165 476 407 519 Lotliarium
443 478 502 518 ΙΙ.
535 478 654 531 usque
689 476 889 528 retinuit,
921 490 1003 529 quo
1031 488 1134 531 tem-
1187 487 1232 516 ut
1266 474 1352 517 sunt
1386 473 1607 518 Gallorum
1640 473 1808 530 ingenia
1842 474 1986 531 cupida
2004 491 2136 518 rerum
2153 493 2229 520 no-

85 548 181 587 pore
215 535 256 575 in
292 533 515 587 Amalphia
550 533 646 576 libri
681 531 1133 586 Digestorumteperti,
1185 546 1358 584 varum,
1394 547 1599 588 pronaque
1631 532 1678 575 ad
1712 530 1881 575 meliora
1915 548 1985 588 pro
2001 534 2230 578 vetustiori-

85 589 331 645 praemioque
382 588 472 633 latae
518 590 607 645 opis
648 589 856 631 adversum
907 589 1157 642 Rogerium¹
1185 588 1255 629 bus
1286 588 1515 642 capessenda
1545 620 1556 641 ,
1599 604 1621 632 e
1653 588 1817 642 regione
1849 589 2034 633 universa
2068 591 2228 635 summo

83 646 240 689 Pisanis
272 645 405 689 traditi
432 678 443 698 ,
477 647 712 699 posteaque,
744 658 859 699 capta
894 644 1005 696 Pisa,
1040 643 1133 685 Flo·
1185 644 1309 686 studio
1351 646 1399 687 ad
1430 644 1649 689 Alciatum
1681 647 1998 690 concurrebatur
2023 680 2031 690 .
2080 650 2117 690 A
2151 665 2232 705 quo

83 702 259 746 rentiam
291 702 510 754 translati,
545 701 838 744 Pwdeffihmm
871 701 1132 742 Florentina-

83 776 174 802 rurn
210 774 360 802 nomen
376 772 616 811 acceperunt
637 788 646 798 .
680 759 849 809 Fertur,
883 770 1018 798 autem
1035 772 1130 798 con-

82 817 344 859 stitutionum
377 816 501 857 codex
533 813 727 857 emersisse
757 815 991 865 Ravennae,
1025 811 1148 868 quo,⁸

84 873 201 916 simul
248 886 342 914 cum
389 871 544 913 summa
588 869 723 912 Italici
759 869 959 923 Imperii,
994 869 1129 924 legum

84 929 208 971 etiam
266 927 550 981 Imperialium
601 926 838 970 incubuerat
883 927 1132 980 auffioritas,

84 988 220 1041 itaque
252 984 589 1027 reviviscentibus
614 984 872 1039 Digestorum
890 983 1004 1027 libris
1019 999 1132 1027 exar-

68 1043 164 1097 -sere
197 1040 313 1084 simul
346 1042 535 1084 omnium
571 1041 720 1090 studia,
754 1040 980 1095 cun&aque
1013 1041 1131 1083 Italia

86 1099 171 1142 suas
202 1099 248 1141 ad
284 1097 389 1153 leges
421 1098 670 1152 recipiendas
703 1098 1001 1153 vulgandasque
1035 1114 1128 1140 con-

84 1156 195 1200 versa
226 1156 278 1199 est
306 1187 317 1209 ,
367 1156 491 1198 veluti
525 1156 570 1197 ad
609 1155 834 1210 imaginem
868 1156 1014 1197 veteris
1047 1158 1131 1197 lm-

84 1213 213 1267 perii,
246 1226 363 1267 atque
397 1212 442 1254 ad
477 1224 798 1254 monumentum
823 1211 1129 1266 pristinaehben

86 1271 210 1312 tatis.
244 1272 346 1311 Erat
376 1286 423 1312 eo
458 1283 638 1324 tempore
675 1271 715 1310 in
749 1270 950 1312 comitatu
982 1268 1123 1311 Matil·

85 1328 144 1369 dis
180 1327 366 1382 Augustae
398 1325 712 1377 Jurisconsultus
744 1323 915 1378 insignis
951 1357 962 1379 ,
1011 1327 1123 1369 Con-

85 1382 349 1439 stantinopoli
382 1384 558 1426 eruditus
588 1415 602 1435 ,
635 1382 816 1435 lrnerius
841 1415 852 1435 ,
887 1399 967 1438 quo
1000 1383 1128 1426 admi-

86 1440 214 1483 nistro
247 1439 439 1483 maximis
470 1441 512 1483 in
541 1441 656 1482 rebus
685 1439 900 1483 Lotharius
914 1441 1128 1483 utebatur.

86 1500 128 1540 Is
163 1496 412 1551 Imperatori
446 1497 586 1540 auc'tor
617 1496 693 1540 fuit
722 1499 908 1540 Romani
940 1496 1037 1549 juris
1071 1499 1127 1540 E-

84 1554 191 1599 ὀίξὶο
224 1552 452 1598 restituendi
488 1554 780 1610 reducendique
830 1555 872 1597 in
904 1555 1130 1598 academias

85 1611 128 1654 ἃ
162 1609 317 1654 scholas
337 1642 348 1664 ,
384 1624 426 1654 ut
457 1627 505 1654 eo
537 1611 726 1667 deinceps
758 1611 841 1663 jure
873 1628 1128 1667 quacumque

84 1667 206 1723 ipsius
239 1680 392 1724 pateret
426 1668 684 1722 Imperium,
719 1669 858 1722 populi
895 1682 1128 1712 uterentur.

86 1724 270 1769 Irnerius
300 1724 343 1767 ὃ(
377 1725 459 1780 ipse
492 1725 553 1776 jus
586 1726 916 1769 civileBononiae
933 1726 1000 1769 fibi
1024 1727 1120 1769 sum-

89 1781 136 1824 sit
185 1781 475 1836 explicandum
509 1799 517 1824 :
563 1798 684 1837 quem
719 1783 850 1836 postea
880 1798 1129 1840 exceperunt

86 1838 286 1893 Bulgarus
315 1871 328 1891 ,
363 1839 626 1883 Placentinus
660 1872 672 1894 ‚
705 1841 933 1884 Odofredus
967 1874 979 1887 ,
1011 1844 1131 1894 Azo,

86 1895 129 1939 8(
161 1896 244 1946 ejus
274 1896 488 1950 discipulus
521 1897 735 1941 Accursius
766 1930 778 1951 ,
827 1899 894 1954 qui
929 1913 1013 1941 non
1046 1899 1131 1942 suos

86 1952 211 1995 modo
255 1954 467 2008 magistros
498 1955 515 2008 (
547 1971 722 2010 quorum
753 1968 896 1999 tamen
930 1956 1129 2011 interpre-

85 2010 263 2053 tationes
293 2010 528 2065 adscripsiffe
561 2011 630 2055 fibi
664 2012 871 2066 dicitur,)
905 2013 964 2056 sed
988 2029 1132 2056 omnes

86 2079 183 2110 ante
217 2067 251 2110 se
284 2083 379 2111 cum
411 2069 603 2122 Graecos,
635 2081 726 2112 tum
760 2070 928 2114 Latinos
942 2070 1130 2123 Justinia·

87 2124 155 2167 nei
188 2123 284 2175 juris
316 2124 585 2179 interpretes,
618 2125 794 2177 Cujacio
827 2126 985 2181 judice,
1017 2141 1128 2171 ante-

87 2180 258 2233 celluit,
289 2182 339 2224 ab
370 2182 452 2236 ipso
484 2184 650 2226 tandem
673 2183 847 2234 Cujacio
866 2185 1067 2239 superatus
1087 2202 1129 2238 ,a

87 2254 168 2294 quo
202 2239 325 2282 unico
358 2239 471 2282 vinci
504 2240 710 2294 optimum
725 2242 827 2284 duco
844 2243 1130 2298 triumphum.

145 2299 285 2352 Atque
329 2296 372 2338 hi
417 2312 512 2339 cum
558 2297 761 2351 discipulis
791 2314 936 2354 corpus
965 2300 1129 2356 quidem

87 2353 271 2396 Romani
304 2352 401 2405 juris
432 2385 443 2406 ,
497 2354 733 2397 involutum
767 2356 970 2410 tenebris,
1001 2373 1129 2412 quan-

87 2422 178 2453 tum
235 2425 303 2466 per
356 2411 646 2455 obscuritatem
691 2426 925 2465 temporum
971 2414 1131 2469 licuit,

88 2466 361 2510 detexerunt:
408 2482 592 2511 mentem
638 2484 734 2512 vero
779 2471 902 2525 ipsam
948 2470 1044 2522 juris
1075 2472 1125 2515 ci-

88 2523 182 2566 vilis
213 2555 226 2576 ‚
271 2524 314 2567 in
349 2526 550 2568 Romanis
581 2526 894 2582 antiquitatibus
922 2528 966 2571 &
1001 2530 1130 2572 sanio-

86 2580 119 2624 ri
184 2580 442 2635 Philosophia
494 2584 687 2628 retrusam
718 2616 730 2637 ‚
783 2601 949 2628 evocare
1006 2587 1130 2642 coepit

86 2637 273 2681 Andreas
326 2638 512 2684 Alciatus
544 2672 555 2692 ,
609 2642 816 2697 postquam
874 2644 1006 2686 Vallae
1050 2645 1128 2698 pri-

86 2710 203 2737 mum
230 2727 243 2748 ,
284 2695 426 2738 deinde
479 2698 673 2751 Politiani
701 2731 713 2752 ,
757 2700 799 2742 ἅ
831 2700 923 2751 Jani
963 2702 1128 2744 Parrha-

89 2751 131 2795 fii
183 2751 431 2803 Consentini
468 2754 630 2797 vocibus
662 2757 836 2800 excitata
872 2759 1015 2801 Latina
1042 2792 1053 2812 ,
1088 2760 1129 2802 ἃ

87 2810 231 2852 Graeca
279 2810 452 2853 eruditio
495 2810 535 2852 in
580 2812 755 2866 patrium
792 2815 918 2858 solum
956 2849 967 2868 ,
1013 2817 1127 2860 simul

70 2874 183 2908 ”cum
226 2866 351 2922 prisca
402 2868 636 2924 eloquentia
670 2870 711 2911 ἃ
743 2884 826 2914 arte
859 2873 997 2917 critica
1025 2905 1037 2926 ,
1071 2891 1128 2916 re-

88 2923 321 2978 migravit.
372 2925 558 2968 Alciarus
607 2926 719 2968 enim
769 2944 791 2970 a
823 2930 926 2980 Jano
959 2932 1127 2975 Parrha-

85 2980 140 3023 fio
173 2982 326 3025 Graecis
357 2982 399 3025 δε
432 2982 586 3025 Latinis
621 2982 746 3025 literis
779 2984 986 3029 institutus
1010 3020 1020 3040 ,
1069 3001 1125 3031 at-

87 3052 164 3093 que
213 3038 405 3082 omnibus
447 3040 600 3083 artibus
643 3040 960 3095 elegantioribus
992 3045 1125 3088 excul-

89 3107 180 3149 tus,
214 3096 388 3149 primam
422 3097 569 3140 extulit
604 3098 775 3150 purioris
804 3099 1131 3156 Jutisprudentiae

195 3153 298 3206 Jani
327 3156 539 3199 Gravinae.
570 3157 686 3198 Tom.
719 3157 775 3200 ΙΙ.

1182 713 1373 749 juventus
1424 702 1603 745 excitata
1645 714 1805 745 tantum
1855 704 1966 748 brevi
2010 720 2230 760 promove-

1183 769 1305 810 runt,
1340 770 1383 800 ut
1417 758 1621 814 integram
1656 759 2106 818 nobis-perfecsiamque
2136 764 2226 807 red-

1182 813 1360 876 diderint
1391 815 1755 870 Jurisprudentiam
1783 849 1790 858 .
1839 819 1983 874 Itaque
2015 822 2228 875 acceptam

1180 870 1283 912 ohm
1317 871 1622 916 humanitatem
1652 874 1701 916 ab
1734 873 1848 917 Italis
1879 875 2021 929 Galli,
2055 876 2140 928 jure
2168 879 2230 922 ci-

1183 927 1264 990 vili⁸
1292 928 1533 973 restituendo
1566 931 1865 985 rependerunt.
1898 933 2098 977 Velunus
2113 936 2228 983 enim

1184 986 1376 1035 Cuyacius
1406 1002 1492 1030 non
1524 1003 1667 1030 omnes
1702 1000 1864 1031 tantum
1897 989 2134 1046 interpretes
2161 994 2228 1036 vi-

1184 1043 1282 1084 cerit
1310 1074 1321 1094 ,
1368 1043 1426 1086 sed
1461 1044 1562 1100 ipsos
1594 1060 1695 1099 pene
1726 1045 1901 1091 dixerim
1934 1061 2088 1092 veteres
2119 1061 2222 1093 ‘con-

1183 1099 1330 1142 ditores
1361 1102 1645 1156 provocaverit
1674 1133 1682 1143 .
1726 1102 1848 1153 Jaffis
1897 1118 2032 1148 autem
2066 1106 2116 1148 ab
2148 1108 2228 1150 Al-

1184 1157 1291 1198 ciato
1325 1157 1571 1211 seminibus,
1606 1157 1692 1201 laeta
1724 1160 1923 1205 continuo
1957 1162 2063 1219 seges
2094 1164 2229 1207 civilis

1184 1213 1375 1257 dofflrinae
1404 1231 1453 1258 ex
1490 1215 1751 1271 ingeniorum
1782 1216 1991 1262 alacritate
2023 1237 2068 1263 ac
2084 1221 2231 1264 studio-

1184 1276 1274 1313 rum
1307 1273 1529 1316 assiduitate
1561 1271 2073 1331 pullulavitsauditusque
2107 1278 2229 1322 estin

1184 1327 1320 1371 Gallia
1369 1330 1497 1372 mirus
1540 1343 1761 1373 concentus
1803 1331 2190 1381 jurisconsultorum
2217 1368 2230 1389 ‚

1184 1386 1335 1429 erudite
1370 1387 1730 1443 interpretantium
1756 1420 1767 1441 ,
1800 1388 1844 1430 &
1875 1388 1986 1434 inter
2019 1390 2054 1434 se
2085 1392 2130 1435 de
2153 1393 2227 1434 do-

1179 1442 1321 1487 &rina-
1354 1445 1693 1489 contendentium
1723 1476 1735 1498 ,
1777 1461 1953 1501 quorum
1987 1448 2167 1504 plerique
2201 1466 2224 1496 a

1183 1502 1466 1546 munificentia
1500 1502 1610 1558 regia
1645 1501 1892 1557 Biturigibus
1925 1503 2233 1555 juventutieru-

1181 1559 1334 1603 diendae
1360 1560 1520 1616 ingenti
1547 1559 1730 1602 mercede
1758 1560 2112 1605 conducebantur.
2147 1565 2236 1606 Do-

1181 1618 1294 1659 cebat
1339 1619 1462 1661 etiam
1511 1616 1729 1660 Avenione
1777 1618 1893 1661 laude
1936 1618 2042 1662 haud
2076 1619 2232 1676 vulgari

1182 1674 1380 1719 AEmilius
1424 1677 1628 1719 Ferrettus
1675 1675 1868 1717 Etruscus
1900 1707 1912 1728 ,
1956 1675 2067 1728 cujus
2098 1678 2139 1720 in
2172 1678 2233 1721 di-

1186 1732 1396 1788 sciplinam
1442 1732 1516 1776 sese
1563 1731 1727 1775 tradidit
1761 1732 1968 1775 Antonius
1999 1736 2223 1778 Goveanus

1185 1790 1421 1845 Lusitanus,
1454 1790 1517 1833 vir
1548 1790 1590 1832 in
1622 1788 1864 1844 explicando
1894 1788 1979 1841 jure
2011 1790 2230 1838 civilitam

1184 1861 1324 1892 acutus
1355 1861 1475 1904 atque
1508 1846 1737 1903 perspicuus
1768 1878 1780 1900 ,
1823 1847 1865 1889 ὃς
1897 1847 2013 1891 simul
2048 1865 2188 1905 parcus
2211 1882 2228 1905 ‚

1183 1918 1226 1948 ut
1253 1938 1264 1960 ,
1311 1905 1337 1948 si
1382 1907 1522 1949 seriam
1569 1905 1664 1949 huic
1698 1903 1874 1948 scientiae
1906 1920 2070 1960 operam
2105 1922 2232 1950 nava-

1184 1963 1441 2007 re‘voluiffet
1472 1994 1483 2015 ,
1518 1977 1648 2019 neque
1681 1962 1816 2016 paucis
1849 1961 1984 2005 titulis
2015 1963 2227 2019 explicatis

1187 2020 1420 2077 exiguisque
1451 2019 1657 2062 variarum
1693 2018 2232 2064 leftionumlibrisconten-

1183 2090 1246 2120 tus
1278 2077 1432 2129 fuisset,
1466 2092 1515 2119 ne
1548 2075 1720 2126 Cujacio
1751 2075 1942 2130 quidem,
1974 2089 2018 2119 ut
2049 2077 2219 2132 ipsemet

1184 2134 1357 2187 fatetur,
1392 2135 1432 2176 in
1467 2133 1550 2183 iure
1582 2131 1694 2176 civili
1730 2132 1946 2188 reliquisset
1978 2133 2112 2177 locum
2143 2167 2151 2177 .

1241 2191 1406 2234 Extulit
1454 2191 1593 2233 eadem
1642 2203 1736 2232 aetas
1780 2189 2035 2233 Franciscum
2069 2194 2225 2234 Horto-

1184 2264 1411 2298 mannum,
1465 2249 1531 2302 qui
1565 2246 1811 2289 Tullianam
1846 2246 2039 2290 scribendi
2076 2264 2223 2292 venam

1182 2306 1319 2349 attulit
1361 2306 1408 2348 ad
1453 2303 1511 2354 jus
1554 2304 1676 2347 civile
1705 2336 1716 2358 ,
1768 2303 1885 2360 eique
1927 2304 2096 2348 reddidit
2142 2309 2226 2349 Ro-

1183 2379 1314 2405 manae
1368 2362 1540 2405 historiae
1595 2361 1728 2405 lucem
1757 2393 1769 2414 ,
1824 2361 2046 2418 veterisque
2101 2364 2229 2414 Juris-

1182 2420 1406 2475 prudentiae
1464 2418 1665 2462 cunabula
1709 2417 1814 2462 eruit
1858 2434 1879 2461 e
1922 2420 2136 2463 Ciceronis
2179 2420 2229 2462 li-

1182 2478 1261 2521 bris
1290 2510 1303 2531 ,
1346 2477 1413 2521 ubi
1459 2475 1751 2520 recondebatur
1783 2507 1791 2517 .
1841 2475 1925 2519 Hic
1959 2477 2075 2520 semel
2108 2490 2229 2533 atque

1188 2535 1336 2578 iterum
1385 2547 1552 2577 vocatus
1579 2565 1591 2586 ,
1641 2547 1686 2576 ut
1729 2532 1978 2589 Biturigibus
2011 2533 2068 2584 jus
2102 2535 2227 2577 civile

1180 2593 1341 2635 doceret
1371 2624 1383 2643 ,
1432 2591 1602 2647 indeque
1648 2589 1893 2633 faetionibus
1933 2591 2078 2643 ejeftus
2112 2624 2123 2645 ‚
2173 2591 2229 2643 ja-

1179 2649 1383 2705 &atusque
1425 2647 1613 2701 civilibus
1661 2647 1800 2700 odiis,
1853 2648 1921 2690 diu
1973 2664 2066 2691 cum
2100 2664 2225 2692 uxore

1179 2723 1226 2749 ac
1277 2706 1414 2748 liberis
1464 2705 1654 2760 profugus
1689 2706 1730 2749 &
1762 2705 2005 2749 errabundus
2029 2738 2041 2757 ,
2085 2706 2244 2749 attrita

1181 2779 1220 2806 re
1284 2762 1482 2807 familiari
1533 2763 1767 2819 direptaque
1818 2762 1964 2817 insigni
2007 2763 2229 2805 bibliorhe-

1181 2837 1225 2863 ca
1258 2853 1268 2872 ‚
1318 2823 1406 2864 Deo
1453 2820 1607 2863 vindici
1640 2821 1799 2863 desertae
1831 2820 2058 2875 Religionis
2091 2835 2229 2875 poenas

1181 2866 1329 2921 dedit.
1376 2880 1511 2920 Novae
1551 2877 1662 2921 enim
1712 2877 1866 2920 haeresis
1911 2880 1959 2919 ab
1999 2893 2056 2932 ,εο
2107 2877 2227 2919 susee-

1187 2947 1262 2988 ptae
1328 2936 1492 2988 perfidia
1547 2950 1715 2978 omnem
1766 2934 1827 2977 illi
1876 2934 2093 2978 studiorum
2145 2935 2228 2977 fru-

1178 2992 1288 3034 &um
1322 2993 1365 3035 ὃς
1398 2991 1577 3048 gloriam·
1608 2991 1769 3035 abstulit
1802 3023 1810 3033 .
1844 2991 2124 3043 AEmulatione
2154 2991 2225 3032 do-

1177 3048 1317 3090 E‘trinae
1377 3063 1519 3104 graves
1563 3050 1676 3104 gessit
1719 3064 1812 3091 curn
1861 3049 2011 3099 jacobo
2054 3046 2224 3098 Cujacio

1180 3104 1401 3150 simultates
1421 3137 1432 3159 ,
1465 3120 1586 3161 quem
1621 3121 1662 3148 in
1696 3104 1896 3203 alifflibus
1924 3105 2033 3148 libris
2053 3119 2136 3202 not}
2151 3103 2222 3144 ob-

2132 3175 2223 3204 cure
