2451 3470
525 85 1902 178 tU‘RISRECEP-Ti-ORIS.

143 193 209 237 via
232 221 243 244 ,
275 177 564 245 aquaedfflus'a
582 188 667 228 Iter
698 185 751 228 est
778 184 836 235 ius
856 183 975 245 eundi
999 197 1068 237 per
1085 185 1182 248 Brae-

143 251 257 294 dium
299 248 479 290 alienum
509 276 520 297 ‚
563 243 606 285 &
639 242 934 296 consequenter
965 254 1024 303 ius
1055 253 1181 303 etiam

139 303 375 351 ambulandi
402 306 416 355 ',
449 302 525 344 sive
557 299 711 352 eundi,
757 298 800 340 ἅ
834 297 1025 360 redeundi
1056 310 1184 360 etiam

140 361 362 416 voluptatis
395 360 534 402 causa.
570 359 624 399 Et
657 357 712 399 ire
747 354 1026 415 intelligimus
1055 367 1183 396 etiarn

138 422 278 472 eum'‚
323 416 392 472 qui
439 415 531 458 sella
580 413 742 456 vehitur
771 442 783 463 ,
825 410 869 452 ὃς
911 411 1184 473 qul-Equo.

141 477 270 521 Affius
301 474 354 518 est
385 472 445 524 jus
469 471 613 528 agendi
630 501 650 522 ,Δ
677 469 755 510 five
776 465 1017 521 impellandi
1037 467 1183 510 ducen-

141 535 260 589 dique
306 532 544 580 Iumentum
570 559 583 579 ,
623 525 685 567 vel
723 523 975 567 Vehiculum
1003 538 1016 576 ;
1049 524 1182 567 coinse-

141 576 314 648 quentei·
344 583 653 642 comprehendit
685 581 811 624 etiam
842 581 944 643 iter:
979 596 1075 624 cum
1108 582 1185 623 mi-

144 663 222 692 nus
254 644 403 696 maiore
433 641 721 687 contineatur.
755 640 811 681 Et
842 637 1080 701 qui-'Qum
1114 638 1180 680 ha-

146 706 213 748 bet
238 735 250 758 ‚
294 701 420 760 potest
449 699 574 743 etiam
611 699 815 739 Armenta
847 707 1031 743 traiicere
1058 726 1068 737 .
1101 694 1187 747 [a]

145 762 231 805 Via
272 760 319 802 ad
361 758 438 801 iter
479 755 523 798 &
563 754 699 796 afflurn
743 751 797 794 est
824 781 836 803 ‚
878 763 922 793 ut
971 763 1104 813 totum
1139 754 1184 794 ad

145 819 195 862 ad
238 829 369 872 partes
401 845 410 856 .
462 811 743 866 Quamobrem
774 807 968 850 definitur
999 823 1058 857 jus
1088 823 1186 871 eun·

145 875 187 918 di
218 872 392 930 agendi,
422 869 465 912 δί
497 864 757 917 ambulandi,
792 864 1184 908 &trahendietiam

147 931 323 985 lapides,
355 927 400 969 ὅ(
431 924 582 968 reblam
616 923 769 965 hastam
802 919 983 974 fere-ndi,
1014 921 1110 965 dum
1138 937 1186 965 nc

146 987 298 1031 fruRus
329 985 419 1040 quis
441 983 654 1034 excutiat,
684 992 753 1023 aut
775 977 917 1021 laedat.
950 980 1015 1034 (b)
1037 980 1181 1035 Aquae-

145 1045 286 1088 du&us
326 1042 380 1085 est
420 1039 509 1093 ju·
528 1054 641 1093 aquae
682 1035 871 1080 ducendae
913 1051 984 1091 per
1015 1035 1185 1099 fundum

146 1103 328 1146 alienum
355 1130 368 1152 ,
411 1095 515 1153 quod
549 1097 595 1139 fit
627 1094 691 1138 vel
725 1095 822 1150 tubo
850 1125 864 1146 ‚
895 1091 959 1136 vel
993 1108 1086 1137 rivo
1117 1109 1187 1150 per

144 1158 452 1214 longitudinem
484 1151 660 1208 depresso
692 1183 702 1194 .
733 1151 785 1204 [c
806 1151 822 1204 ]
1073 1208 1082 1216 .

204 1216 284 1260 His
331 1211 562 1264 adjiciendae
605 1209 694 1253 aliae
740 1212 947 1252 servitutes
990 1209 1143 1254 rustlcae
1173 1242 1186 1264 ‚

144 1273 275 1317 veluti
315 1274 442 1326 Aquae
473 1267 632 1315 haustus
672 1281 721 1309 ex
755 1265 883 1308 Puteo
914 1265 1042 1310 vicini
1079 1267 1181 1330 Prae·

145 1331 201 1374 dii
238 1362 250 1383 ,
282 1328 439 1371 PecoYis
468 1326 516 1368 ad
549 1328 716 1378 Aquam
747 1321 936 1378 appulsus
971 1354 985 1378 ‚
1015 1323 1095 1367 five
1126 1340 1186 1375 jus

143 1387 370 1442 adaquandi
397 1416 411 1437 ‚
446 1383 495 1424 ’δι
527 1379 757 1436 appellendi
791 1380 993 1434 Pecoris·‚
1042 1381 1084 1424 δε
1116 1383 1187 1434 Jus

145 1444 286 1486 Calcis
330 1438 561 1495 'coquendae
592 1469 606 1491 ‚
659 1441 808 1480 Arenae
853 1436 1052 1481 fodiendae
1081 1471 1094 1492 ‚
1143 1440 1186 1483 δι

146 1501 295 1544 similia
332 1498 515 1553 «personis
561 1494 809 1550 praediorum
857 1495 971 1540 causa
1012 1496 1183 1552 adquisi-

144 1571 211 1611 ta,
247 1556 308 1600 vel
333 1556 548 1598 voluntate
568 1551 952 1608 Contrahentium‚
985 1553 1048 1596 vel
1067 1555 1182 1599 testa-

143 1627 288 1659 mento
317 1628 487 1665 eorum,
519 1611 590 1667 qui
622 1609 861 1655 servitutem
893 1610 937 1653 in
971 1611 1050 1654 suis
1082 1613 1178 1663 Prae—

144 1673 223 1716 diis
254 1671 376 1716 alicui
407 1669 674 1724 relinquunt,
706 1668 1183 1725 velpraescriptionefive

146 1729 271 1784 longa
294 1729 493 1783 patientia
506 1726 617 1779 ejuS,
648 1727 716 1782 qui
751 1727 890 1770 Praedii
910 1727 1184 1771 servientisest

146 1787 378 1830 Dominus:
401 1785 470 1841 qui
490 1784 598 1828 modi
622 1784 713 1826 sunt
729 1783 971 1828 servitutum
989 1785 1192 1830 inducen—'

147 1844 291 1887 darum
321 1874 332 1893 ‚
366 1842 443 1885 five
477 1841 630 1884 rusticae
663 1841 852 1896 sinti-eat,
884 1841 962 1887 five
988 1837 1182 1894 urbanae‘.

208 1900 473 1943 Urbanarum
506 1912 642 1942 autem
679 1898 916 1948 servitutum
943 1900 1183 1945 celebriores

145 1957 237 2000 sunt
269 1957 353 2000 hae.
390 1957 527 1999 Prima
555 1957 608 1998 est
643 1955 810 1999 servitus
842 1958 1004 2012 oneris,
1036 1972 1081 2002 ut
1110 1959 1182 2002 sci-

2172 129 2198 164 2
2214 131 2234 166 I
2254 134 2273 168 ἶ

1235 185 1328 227 beat
1358 179 1523 224 AEdium
1558 179 1831 224 sublationem
1875 181 1920 223 in
1970 183 2070 227 vicis
2104 185 2274 232 vicinis,

1295 238 1480 293 Septima
1509 237 1563 281 est
1595 237 1763 281 servitus
1791 269 1804 290 ,
1849 252 1898 281 ne
1930 237 2154 285 luminibus
2183 234 2273 288 0Ἦί-

1237 297 1367 342 ciatur
1391 325 1404 348 ‚
1434 309 1504 350 per
1535 310 1658 351 quam
1678 294 1956 350 >prohibemus
1984 327 1995 348 ‚
2030 313 2078 340 ne
2112 299 2272 346 vicinus

1240 355 1397 397 Arbore
1422 383 1436 406 ,
1478 351 1544 395 vel
1577 352 1728 404 pariete
1761 351 1881 396 nobis
1915 351 2057 397 lumen
2088 356 2243 402 adimat
2271 388 2280 401 .

1291 409 1449 452 OStava
1482 409 1537 452 est
1569 408 1738 453 servitus
1766 409 2020 464 Luminum,
2054 427 2266 468 perquam

1237 467 1442 514 Fenestras
1480 466 1677 519 habemus
1719 467 1764 515 in
1797 467 1915 512 AEdes
1941 499 1954 522 ,
1998 481 2068 513 aut
2099 471 2270 518 Atrium

1237 524 1446 568 alienum.
1478 524 1562 575 (e)

1297 580 1568 636 Extinguitur
1598 581 1767 627 servitus
1819 582 1957 638 primo
1987 584 2225 631 confusione
2258 605 2270 643 3

1237 653 1332 682 cum
1360 639 1456 694 quis
1492 638 1725 688 dominium
1768 639 1948 696 adquirit
1979 641 2061 693 ejus
2094 645 2224 688 Fundi
2258 678 2271 700 ,

1238 696 1280 738 in
1312 709 1394 752 quo
1427 694 1667 739 servitutem
1710 696 1948 742 fundaverat
1974 716 1984 741 τ
2029 716 2124 744 oum
2156 703 2271 747 enim

1239 753 1383 796 habeat
1417 763 1549 796 totum
1582 784 1594 805 ‚
1626 754 1791 798 servitus
1822 771 1906 799 non
1940 757 2153 801 constituit
2185 775 2273 814 par-

1240 822 1321 852 tem
1358 808 1578 863 separatam
1606 841 1614 852 .
1648 812 1830 855 Secundo
1857 844 1869 866 ‚
1901 813 1929 856 fi
1960 815 2052 869 quis
2088 817 2274 861 Domino

1238 865 1352 910 fundi
1387 865 1620 913 servitutem
1655 867 1838 912 remittat
1857 870 1910 913 ,ὃς
1940 869 2077 915 cedat.
2123 875 2270 918 Tertio

1238 939 1306 978 per
1336 938 1420 965 non
1453 923 1567 966 usum
1600 924 1739 969 decem
1772 930 1998 972 Annorum
2032 929 2141 974 inter
2175 942 2273 987 prae-

1239 981 1393 1033 sentes,
1426 979 1477 1022 δι’
1505 980 1656 1037 viginti
1690 981 1799 1026 inter
1818 985 2027 1039 absentes,
2059 987 2085 1036 si
2104 987 2272 1033 servitus

1237 1037 1381 1080 habeat
1416 1036 1528 1080 usum
1573 1037 1845 1083 intermissum
1875 1073 1886 1093 ,
1935 1057 2028 1098 puta
2053 1075 2065 1095 ‚
2109 1058 2153 1087 ut
2182 1048 2272 1102 quis

1236 1093 1405 1138 alternis
1437 1094 1641 1137 mensibus
1673 1097 1924 1153 Aquaedu&u
1957 1113 2092 1145 utatur
2126 1117 2134 1142 ε
2181 1116 2271 1146 tum

1236 1151 1442 1206 duplicato
1487 1164 1672 1208 tempore
1719 1169 1819 1209 opus
1861 1157 1915 1199 est
1963 1159 2009 1200 ad
2055 1158 2271 1204 interitum

1240 1209 1474 1261 servitum,
1510 1223 1606 1264 puta
1641 1210 1792 1266 viginti
1826 1213 1945 1255 annis
1975 1215 2080 1257 inter
2103 1218 2270 1269 praesen-

1238 1280 1297 1318 tes
1323 1297 1337 1321 ‚
1380 1266 1647 1322 quadraginta
1683 1269 1788 1311 inter
1818 1270 1998 1314 absentes
2026 1288 2040 1326 3
2082 1272 2159 1316 hoc
2190 1274 2272 1328 est,

1237 1327 1347 1369 inter
1376 1338 1444 1367 eos
1476 1354 1489 1375 ,
1534 1323 1603 1379 qui
1637 1323 1823 1368 habitant
1856 1342 1941 1370 non
1973 1329 2015 1372 in
2048 1343 2126 1376 una
2153 1361 2166 1385 ‚
2210 1331 2270 1374 sed

1237 1383 1282 1428 in
1313 1380 1475 1425 diversis
1507 1380 1737 1425 Provinciis
1763 1413 1773 1424 .
1816 1382 1902 1438 (f)

1462 1495 1507 1540 T
1537 1496 1557 1538 I
1589 1497 1633 1540 T
1663 1499 1707 1541 U
1739 1500 1772 1543 L
1804 1501 1848 1542 U
1879 1501 1906 1544 S
1968 1504 2052 1553 111„

1583 1614 1650 1659 De
1684 1614 1892 1670 Usufhuflu
1916 1648 1926 1660 .

1302 1774 1306 1777 ,
1374 1727 1583 1774 ὃυῖωθιυε
1614 1730 1667 1773 est
1700 1731 1865 1775 servitus
1890 1765 1903 1786 ,
1933 1749 2022 1789 quae
2052 1749 2135 1777 non
2171 1735 2270 1778 Prae-

1389 1786 1456 1829 dio
1487 1819 1500 1841 ,
1545 1787 1606 1831 sed
1644 1789 1821 1832 Personae
1851 1791 2018 1834 debetur
2043 1823 2057 1843 ‚
2104 1793 2272 1847 ideoque

1236 1842 1406 1887 servitus
1437 1859 1522 1888 non
1556 1844 1676 1889 realis
1696 1855 1713 1896 ξ
1744 1848 1803 1889 sed
1836 1849 2059 1903 personalis
2091 1851 2269 1905 appella-

1233 1913 1324 1943 tur:
1359 1903 1415 1944 Et
1447 1903 1499 1944 est
1531 1901 1590 1953 jus
1623 1902 1771 1946 alienis
1791 1906 1907 1948 rebus
1929 1907 2098 1959 utendi,
2132 1907 2268 1950 fruen-

1202 1935 1207 2018 l
1233 1959 1298 2011 di,
1334 1957 1440 2001 salva
1471 1975 1611 2003 earum
1641 1960 1880 2014 substantia,
1918 1964 2091 2018 Ideoque
2107 1964 2270 2019 quando

149 2015 246 2058 llcet
267 2014 427 2058 vicinus
461 2012 524 2055 sua
556 2013 749 2055 columna
774 2024 886 2070 regat
905 2030 1008 2058 onus
1025 2018 1183 2059 Domus
1234 2015 1474 2061 constituere
1510 2017 1700 2060 volumus
1733 2017 2026 2062 usumfrustum
2061 2021 2102 2063 in
2136 2022 2185 2063 iis
2206 2036 2267 2063 re-

145 2072 318 2123 alienae,
351 2085 474 2125 quarn
507 2066 748 2112 columnam
782 2070 824 2113 ἃ
857 2072 1020 2116 reficere
1038 2072 1181 2116 debet.
1235 2073 1334 2125 bus,
1365 2088 1453 2128 quae
1485 2073 1551 2115 usu
1585 2074 1906 2128 consumuntur,
1939 2091 2031 2130 puta
2066 2078 2107 2119 in
2133 2077 2266 2121 Oleo‘

146 2130 212 2180 (d)
242 2129 424 2179 Secunda
455 2127 507 2169 est
543 2125 710 2169 servitus
741 2126 1013 2172 immittendae
1044 2131 1181 2185 trabis,
1234 2130 1349 2173 Vino
1378 2161 1391 2181 ‚
1434 2130 1609 2177 Tritico·
1633 2162 1646 2183 ‚
1695 2132 1839 2186 quibus
1884 2149 2005 2176 nemo
2039 2136 2166 2190 potest
2200 2147 2266 2188 ut,

143 2198 211 2228 aut
244 2185 351 2240 tigni
386 2185 428 2227 in
463 2184 656 2247 parietem
678 2184 888 2238 alienum,
921 2198 965 2228 ut
999 2185 1183 2242 ibiquie-

149 2243 251 2286 scat.
276 2243 459 2292 Tertia,
489 2241 532 2283 &
563 2253 706 2295 quarta
739 2241 829 2285 sunt
860 2242 1070 2288 servitutes
1085 2245 1178 2288 Flu·

144 2300 269 2342 minis
299 2299 343 2342 δε
362 2296 595 2341 Stillicidii:
619 2313 704 2353 quae
726 2297 803 2343 hoc
823 2298 1014 2344 differunt
1030 2333 1043 2354 ,
1074 2303 1180 2358 quod

145 2356 409 2400 Stiliicidium
443 2355 639 2411 guttatim
671 2355 847 2409 decidit,
880 2357 1054 2401 Flumen
1081 2375 1178 2402 con·

117 2414 324 2457 ‚tinenter
355 2413 469 2456 fluit.
508 2412 666 2467 Quibus
700 2413 957 2457 servitutibus
976 2415 1179 2470 efficitur,

145 2485 189 2513 ut
203 2472 291 2526 quis
308 2470 483 2514 Flumen
498 2470 562 2513 vel
579 2469 843 2513 Stillicidium
864 2486 886 2514 e
900 2472 1034 2516 Te&o
1048 2475 1180 2518 nostro

147 2529 318 2583 recipiat
349 2528 392 2571 in
425 2528 525 2570 aedes
559 2528 643 2570 suas
669 2559 681 2579 ,
725 2528 786 2570 vel
823 2543 872 2572 ne
905 2530 1073 2584 recipiat
1097 2562 1110 2583 ‚
1153 2532 1179 2574 fi

145 2600 220 2639 ego
248 2587 365 2640 Aqua
396 2600 497 2640 opus
529 2585 699 2628 habeam
729 2617 738 2626 .
783 2586 940 2640 Quinta
971 2588 1024 2630 est
1060 2588 1177 2632 servi-

147 2656 212 2685 tus
254 2640 378 2684 altius
420 2657 502 2684 non
548 2642 756 2694 tollendi,
807 2643 833 2690 si
886 2642 972 2698 lege
1017 2645 1174 2690 Civita‹

146 2699 198 2741 tis
243 2697 361 2741 liceat
405 2698 551 2752 cuique
584 2699 886 2744 AEdes.tollere
913 2733 922 2743 .
963 2702 1084 2746 Sexta
1126 2704 1180 2748 est

149 2757 320 2800 servitus
362 2755 573 2809 tollendi,
622 2756 648 2798 s1
692 2755 995 2803 leie'Civitatis
1038 2761 1176 2815 prohi-

141 2947 354 2960 --.-——
569 2947 1179 2965 -φ--ῄ-.-.ᾐ--μ-

371 3040 418 3062 12.
435 3029 473 3073 ff
490 3029 527 3062 de
555 3032 665 3066 [ἶννυὲτ.
680 3031 753 3071 rust.
770 3035 863 3076 praed.

318 3100 335 3106 ,,
367 3078 422 3118 qui
435 3076 516 3115 sella
536 3076 570 3115 ff?
586 3077 621 3108 d.-
633 3078 748 3116 servit.
765 3077 839 3120 rust.
853 3080 946 3123 pred.
974 3120 978 3124 .

405 3121 420 3159 *ξ
450 3131 477 3151 2.
493 3121 530 3152 d:
550 3123 634 3154 Ravo
649 3144 657 3152 .
809 3126 813 3129 ’

423 3163 462 3209 ff
480 3168 514 3199 n'e
527 3167 614 3207 serv.
632 3165 698 3199 urb.
716 3168 807 3211 praed.

190 3032 210 3159 ΛΡΛ

223 3133 244 3199 81-ss
223 3044 243 3108 WB

295 3035 338 3196 v**?

256 3033 275 3071 3

258 3078 274 3114 )

249 3123 268 3160 )
364 3132 372 3149 i

194 3168 209 3179 ‘
258 3169 275 3206 )
331 3176 402 3206 ·33-

193 3183 213 3207 r

1232 2185 1344 2240 frui,
1377 2186 1450 2229 nisi
1481 2203 1525 2230 ea
1559 2188 1800 2242 consumatg
1831 2203 1992 2244 oportet
2022 2192 2267 2236 caveamusi

1233 2260 1330 2296 nos,
1367 2242 1452 2294 jure
1484 2245 1621 2287 utendi
1656 2244 1813 2288 fruendi
1847 2248 2071 2302 extin&o‚-
2094 2262 2264 2304 tantun3

1230 2301 1321 2344 dem
1357 2301 1576 2345 reddituros
1608 2310 1776 2357 eorum,
1809 2319 1981 2359 quorum
2004 2307 2268 2361 accepimus-

1231 2372 1275 2402 ut
1319 2359 1534 2402 substantia
1574 2359 1757 2407 illorum,
1790 2361 1833 2410 in
1883 2363 2071 2408 cautione
2103 2365 2268 2409 conser-

1232 2427 1348 2460 vetur
1371 2448 1381 2463 ,
1720 2468 1727 2476 1

1287 2474 1400 2516 Cum
1434 2485 1569 2518 autem
1605 2475 1849 2530 υἷυείξωᾶυε
1881 2479 1926 2521 fit
1955 2479 2145 2533 servitus,
2178 2497 2265 2536 quae

1231 2530 1412 2574 Personae
1455 2533 1620 2591 debetur
1652 2566 1664 2586 ,
1722 2548 1929 2590 propterea
1972 2538 2151 2585 extinE’ta
2195 2538 2267 2583 illa

1231 2588 1427 2642 Persona,
1461 2589 1522 2632 vel
1558 2591 1599 2633 in
1636 2592 1870 2636 servitutem
1896 2594 2077 2647 redaffla,
2112 2594 2177 2638 vel
2192 2596 2265 2639 Ci-

1230 2645 1357 2690 vitate
1393 2646 1551 2701 privata
1579 2680 1590 2702 ‚
1623 2648 1864 2693 ususfrustus
1897 2651 2157 2706 extinguitur
2180 2684 2193 2706 ,
2225 2654 2267 2697 &

1231 2703 1334 2746 redit
1377 2702 1431 2761 ad
1476 2704 1583 2748 suam
1643 2709 1933 2761 proprietatem
1960 2740 1972 2761 ,
2027 2718 2175 2763 nempe
2219 2711 2265 2753 ad

1230 2760 1361 2816 ipsum
1393 2763 1522 2805 Fundi
1558 2764 1821 2818 Dominum,
1865 2766 1935 2822 qui
1971 2766 2265 2810 usumfiuf’tum

1691 2822 1774 2864 Dd
1838 2838 1860 2865 2
2149 2825 2266 2868 alteri

1228 2953 1556 2966 ——n-q—ea—ae—
1562 2955 1929 2967 m————
1935 2957 1942 2963 -
1950 2957 2265 2970 .——.-—-.-—..-—-—.

1271 3039 1289 3076 (
1304 3038 1347 3073 e]
1375 3039 1408 3068 L.
1428 3050 1476 3070 eos
1495 3042 1515 3069 l.
1538 3050 1563 3077 3,
1583 3038 1620 3082 ff
1639 3040 1676 3071 de
1686 3041 1913 3082 firvit.‘praed.
1932 3040 1998 3073 urb.

1271 3082 1351 3123 (f)
1380 3086 1404 3114 L
1447 3084 1475 3123 fi
1502 3083 1542 3118 fit
1567 3097 1596 3122 7-
1626 3083 1661 3124 ff.
1690 3086 1832 3127 quemsd.
1863 3087 1981 3125 seri-it.
1999 3087 2111 3118 amin.
2137 3086 2264 3132 1.6,ff.

1170 3136 1174 3140 ·
1194 3173 1208 3193 ι
1226 3127 1264 3160 dc
1283 3127 1401 3168 servm.
1419 3131 1511 3171 praed.
1532 3128 1598 3162 urb.
1617 3131 1640 3162 l.
1660 3133 1687 3169 3⁴.
1704 3132 1740 3161 C.
1768 3130 1933 3171 tle-sorvit-
