2451 3470
452 99 816 178 JURIS
892 97 1825 158 RECEPTIORls.

92 191 178 227 cum
191 178 269 226 Vir.
283 182 335 225 C.
347 179 400 223 ad
413 181 521 233 ajal.
542 181 589 222 de
602 180 811 223 adulter-ns
832 188 841 214 ἑ
863 179 927 229 (a)
943 176 1131 225 suscitan-

95 251 164 282 tur
175 239 353 282 flammae
373 238 556 280 vindices
571 268 582 290 ,
614 238 719 280 unde
736 234 992 291 praesentibus
1007 234 1136 279 mori-

96 298 169 339 bus
194 294 423 346 hujusmodi
447 295 596 350 flagitii
620 293 803 337 auctores
824 291 971 333 ultimo
988 292 1137 348 suppli-

100 353 166 397 cio
195 352 456 406 afficiuntur,
485 352 529 394 ἃ
559 352 712 395 mortui
744 349 1043 393 comburuntur
1075 379 1084 391 .

156 410 448 454 Homicidium
468 441 480 463 ‚
510 408 617 464 quod
642 408 695 450 est
709 406 891 450 violenta
906 403 970 448 vel
987 405 1145 449 fraudo-

102 468 218 514 lenta
231 467 330 510 vitae
343 466 528 511 hominis
539 465 719 509 ademtio
734 495 746 517 ‚
772 461 945 525 punitur
956 463 983 504 l.
999 466 1146 506 Corne-

100 528 159 570 lia
175 527 223 569 de
235 525 404 568 Sicanis
422 556 435 578 ,
463 538 551 580 quae
564 522 752 578 quamvis
768 522 890 562 initio
903 520 1146 580 deportatio-

104 598 203 627 nem
229 582 523 626 honestioribus
538 612 550 633 ,
582 579 778 622 ultimum
793 591 889 619 vero
904 576 1148 632 supplicium

2120 126 2221 166 2‘1

1188 175 1340 234 minori
1360 182 1505 230 'poenae
1543 173 1758 218 atrocitate
1787 176 2063 236 pleffitur'qui
2090 144 2223 230 filitim

1190 234 1400 290 proprium
1426 231 1598 275 necasset
1626 262 1636 272 .
1669 231 1840 277 Ultimo
1872 234 2000 279 ctiam
2029 238 2227 295 supplicio

1192 292 1421 347 puniunt-ur
1437 321 1448 343 ,
1480 289 1541 332 sed
1564 288 1724 332 mitiori
1747 289 1929 334 cruciatu
1948 323 1961 344 ‚
1993 296 2061 349 qui
2093 297 2227 343 fratris

1193 348 1295 391 caede
1319 346 1392 391 sese
1417 346 1728 402 inquinaverint
1755 377 1768 401 ,
1799 358 1868 393 aut
1892 347 1994 393 alius
2016 354 2224 405 coujunffi

1195 404 1429 448 remotioris
1458 403 1603 459 gradus
1624 419 1634 445 τ
1669 405 1916 449 exacerbatis
1939 410 2071 461 poenis
2095 442 2108 464 ,
2156 425 2227 457 aut

1196 460 1513 517 mitigatisssrpro
1547 459 1847 512 conjunt‘tionis
1881 463 2019 516 gradu·
2053 482 2100 510 ac
2133 468 2229 514 faeti

1195 517 1608 575 qualitatibus-‚l.6K'9‘
1623 533 1662 572 9.
1667 516 1778 574 ffictd
1791 520 2017 576 l·.Pomp.ad
2028 524 2228 569 Parricid.

1253 576 1444 631 Sequitur
1462 575 1621 618 crimen
1644 575 1730 619 falsi
1750 576 2015 622 h'.e.veritatis
2033 580 2127 626 dolo
2145 583 2235 627 sub·

106 639 395 684 humilioribus
410 638 483 681 reis
495 636 700 688 statuerit3
725 647 864 676 tamen
877 633 1146 678 Constitutio—
1198 632 1336 676 trat'tae
1356 663 1367 685 ‚
1399 632 1463 675 vel
1491 632 1719 676 immutatae
1742 665 1754 686 ‚
1786 646 1855 677 aut
1876 636 2070 681 consensu
2094 671 2106 692 ‚
2139 656 2236 685 cum

108 698 227 740 nibus
243 699 546 750 Imperat-orum
559 692 822 744 exacerbata,
847 689 1045 734 ultimum
1063 691 1150 746 sup·
1199 691 1288 745 quis
1318 688 1597 733 contrahendo
1617 691 1798 746 aliquem
1821 691 2123 750 circumvenit,
2157 698 2234 742 sive

110 754 284 810 plicium
311 767 382 807 pro
410 763 598 806 perpetua
625 764 746 804 poena
764 746 954 790 omnium
969 763 1150 803 compre·
1203 761 1289 789 rem
1325 746 1504 789 alienam
1534 761 1607 801 pro
1624 746 1697 789 *sua
1724 748 1944 803 distrahens·
1973 783 1986 805 ,
2031 752 2114 797 sive
2147 770 2235 799 reru

110 811 278 854 hendit:
312 808 468 852 etiamsi
508 806 642 850 infans
661 836 674 858 ‚
705 817 775 848 aut
803 802 1009 847 animatus
1033 804 1155 847 foetus
1201 803 1388 846 eamdem
1413 802 1594 858 pluribus
1619 803 1757 847 vendit
1788 820 1801 857 3
1839 812 1918 850 ssaut
1942 809 2074 853 verbis
2095 843 2108 865 ‚
2154 812 2233 856 five

112 867 233 910 fuerit
258 861 756 916 interemtus&aba6'tu5,
786 861 813 901 l.
834 875 868 902 1.
914 891 923 901 .
940 859 1110 916 2.ff.ad
1128 864 1155 903 l.

110 927 230 968 Corn.
256 922 303 964 de
337 922 421 963 Sic.
446 921 472 962 l.
500 921 568 974 38.
596 916 746 973 §511¹
760 917 966 971 depoenis·:
1000 918 1154 961 etiamsi

109 978 321 1024 occidendi
345 975 560 1021 confilium
591 973 628 1017 ei
642 989 725 1017 non
738 971 1005 1029 praecesserit:
1040 975 1153 1017 durn-

113 1036 237 1080 modo
252 1035 434 1078 fraudem
450 1063 462 1086 ‚
482 1033 526 1076 δι
543 1043 738 1075 conatum
754 1030 1012 1085 adhibuerit,
1030 1047 1156 1087 eoque

114 1091 257 1137 animo
272 1092 404 1135 telum
417 1088 641 1144 expedierit:
663 1105 672 1128 :
703 1086 767 1141 [b]
788 1102 867 1143 quo
883 1088 1054 1131 nomine
1066 1104 1155 1131 om-

111 1149 181 1194 nia
197 1149 369 1192 veniunt
382 1160 592 1190 armorum
608 1144 730 1188 noxia
744 1160 891 1201 genera
908 1177 919 1198 ‚
952 1146 978 1186 l.
1001 1143 1157 1200 233.ff.

114 1208 164 1251 de
205 1207 315 1251 verb.
343 1203 446 1261 fign.
483 1202 718 1246 Homicidae
742 1215 882 1245 autem
906 1201 1049 1244 Sicarii
1081 1202 1157 1245 fre-

111 1264 304 1319 quentius
331 1259 589 1317 appellantur
618 1275 641 1302 a
665 1260 757 1302 Sica
788 1274 913 1314 parvo
938 1258 981 1301 ὅ(
1007 1271 1158 1302 retorto

115 1320 248 1364 cultro
271 1351 284 1372 ,
313 1318 421 1375 quod
445 1331 658 1360 armorum
683 1330 809 1370 genus
828 1314 954 1358 'facile
978 1316 1157 1368 celatur,

119 1377 287 1433 ideoque
318 1373 517 1427 majorem
548 1373 697 1428 praebet
711 1370 1156 1416 n‘ocendifacultatem.

122 1434 295 1476 Poenam
312 1444 448 1476 autem
464 1429 679 1473 homicidii
709 1431 908 1484 effugiunt
924 1428 1060 1473 furiosi
1077 1461 1088 1481 ‚
1119 1429 1160 1472 ἃ

119 1491 292 1533 Puberes
322 1488 404 1532 doli
440 1501 524 1531 non
554 1502 744 1543 capaces,
776 1487 819 1530 &
851 1485 1010 1530 fortuiti
1041 1498 1159 1542 atque

122 1545 321 1601 inculpati
349 1544 546 1589 occisores
571 1574 585 1598 ,
616 1544 659 1587 δι
689 1545 758 1600 qui
789 1544 868 1587 alia
912 1543 1068 1586 ratione
1099 1542 1159 1586 vi-

119 1617 209 1647 tam
253 1603 364 1646 suam
406 1601 482 1645 nisi
522 1601 626 1644 caede
660 1599 914 1658 Aggresl‘oris
939 1600 1039 1643 tueri
1076 1615 1161 1643 non

118 1659 329 1716 potuerint
348 1690 361 1714 ,
390 1660 418 1701 l.
444 1674 484 1714 3,
505 1655 560 1714 ff.
592 1656 649 1700 (9¹
672 1659 699 1700 l.
718 1670 770 1714 3.
813 1661 864 1702 C.
906 1658 1009 1700 adl.
1042 1660 1161 1701 Corn.

118 1719 167 1760 de
187 1718 270 1759 Sic.
295 1718 323 1758 l.
354 1719 458 1760 1.C.
491 1716 592 1758 unde
612 1715 683 1758 vi.
715 1714 994 1759 Exacerbatur
1024 1718 1159 1757 autem

117 1789 242 1831 poena
272 1772 318 1816 in
339 1788 406 1816 eos
423 1803 435 1825 ,
463 1772 533 1828 qui
560 1787 721 1815 veneno
744 1774 788 1816 &
809 1770 1161 1816 incantationibus

118 1829 292 1887 magicis
325 1829 542 1872 hominem
578 1828 821 1874 sustulerunt
852 1860 863 1872 .
898 1831 1038 1884 Atque
1070 1828 1160 1873 id'eo

122 1888 290 1939 majoris
343 1901 475 1943 poenae
529 1899 646 1930 metu
700 1901 858 1931 venena
910 1886 1159 1942 ‘prohibenda

125 1945 231 2001 quod
261 1943 310 1987 ad
343 1941 574 1987 nocendum
619 1943 695 1986 fint
727 1943 927 1999 pratiora.

183 1998 473 2044 Te'terrirnurn
503 2015 602 2043 vero
630 2001 787 2044 crimen
820 1999 1032 2043 admissum
1066 2017 1088 2043 a
1113 2002 1154 2044 fi-

125 2055 181 2100 lio
215 2057 257 2100 in
291 2056 421 2100 Patris
449 2070 623 2110 necem,
655 2071 726 2100 aut
741 2057 916 2110 Matris,
946 2057 1055 2111 Avi,
1091 2070 1159 2101 aut

124 2115 244 2158 Aviae
264 2145 289 2176 ‚.
308 2113 414 2170 quod
448 2113 716 2157 Parricidium
748 2113 976 2169 appellatur
1011 2145 1024 2167 ,
1054 2116 1159 2171 Lege

122 2171 317 2234 PompeJa
366 2169 449 2226 post
490 2170 737 2214 Corneliam
789 2170 1060 2215 vindicatur:
1115 2171 1172 2214 ·&'

121 2244 194 2283 pro
225 2227 516 2279 conjunctione
564 2243 610 2270 ac
653 2229 800 2283 pietate
832 2227 1155 2285 laesa-exaspera-

119 2297 186 2328 tur
215 2316 225 2327 .
268 2285 392 2328 Unde
426 2283 553 2327 Patris
595 2283 835 2328 interfector
850 2285 1000 2329 &tulleo
1025 2318 1036 2338 ‚
1081 2286 1159 2330 five

123 2342 275 2385 bovina
307 2340 412 2398 pelle
444 2341 758 2395 indutus,‘'curn
791 2343 938 2395 Cane,
970 2342 1126 2398 Vipera
1148 2375 1160 2397 ‚

120 2399 281 2453 Simia,
312 2399 356 2442 &
389 2397 516 2442 Gallo
547 2399 776 2454 gallinaceo
808 2399 918 2442 Mari
951 2401 1158 2456 mergeba-

84 2470 90 2473 ·
123 2467 188 2509 tur
214 2487 227 2510 ,
272 2468 316 2500 ut
363 2466 468 2498 terra
514 2455 610 2499 vivo
642 2455 868 2500 auferretur
896 2456 938 2499 &
971 2457 1159 2502 solatium

116 2512 335 2556 ,celerioris
368 2512 542 2566 mortis,
574 2513 679 2569 quod
715 2513 756 2556 in
779 2512 902 2569 *aquis
931 2513 1160 2569 invenisset,

125 2584 196 2624 per
227 2569 405 2613 c'ull‘eu'rn
439 2569 571 2614 eidem
604 2571 939 2626 interciperetur,
971 2587 1161 2629 proroga-

124 2637 177 2671 to.
198 2625 448 2670 immanium
482 2626 660 2671 ferarum
692 2627 944 2672 commercio
974 2660 996 2683 ‚.
1018 2630 1163 2686 quibus

125 2682 235 2726 inter
295 2683 330 2726 se
403 2686 653 2740 ugnamffius
702 2684 975 2729 dilaniabatur
1001 2719 1008 2728 .
1063 2691 1165 2743 Quae

123 2754 247 2795 poena
276 2739 371 2782 obso
391 2742 476 2784 evit
506 2733 580 2797 βῗὸ
613 2742 728 2786 vario
750 2758 866 2786 more
894 2745 1129 2800 Regionum
1151 2779 1163 2801 ,

127 2812 225 2840 nam
261 2796 410 2840 alicubi
443 2809 537 2841 ante
571 2798 813 2854 supplicium
847 2814 935 2844 reus
966 2803 1090 2846 cauda
1122 2820 1163 2848 e-

124 2853 251 2910 quina
283 2852 458 2897 trahitur
484 2870 492 2895 :
526 2855 676 2900 alicubi
709 2857 860 2900 malleo
893 2861 1117 2913 percutitur
1149 2894 1162 2916 ,

128 2911 170 2954 &
202 2907 303 2955 alibi
334 2909 416 2955 ali'o
447 2913 632 2960 cruciatu
663 2926 758 2957 ante
789 2928 1003 2970 torquetur
1027 2949 1036 2959 .
1070 2921 1163 2964 Nec

121 3062 1160 3092 ——n——u--u—..u———a———u——u—-ss-——u
1211 3066 1420 3093 -2—-4——2

177 3108 247 3147 (a)
274 3112 364 3143 Νου.
379 3120 432 3151 77.
450 3110 488 3143 ὡ·
510 3112 601 3144 Now.
619 3121 690 3150 141.
706 3111 858 3145 Gadeira.
874 3102 999 3155 deJui‘i
1019 3118 1161 3157 nov-bs.

119 3158 145 3182 τ’-
160 3153 190 3184 8.
207 3152 247 3186 (θ’
258 3155 283 3187 Ι.
300 3163 326 3186 r.
343 3155 374 3196 §.
389 3153 446 3199 qu?
455 3163 552 3198 puero
565 3155 607 3200 ff.
624 3157 661 3191 de
684 3157 839 3190 extraord.
859 3155 949 3192 enh..

1205 860 1329 912 Judex
1355 860 1488 920 pret-io
1512 873 1723 922 corruptus
1749 877 1882 916 prave*
1897 863 2159 921 judicaverit,
2188 868 2238 912 si-

1200 932 1253 960 ,ve
1276 917 1410 960 Testis
1432 916 1527 960 salsa
1548 931 1592 958 in
1612 918 1770 968 judicio
1792 921 2004 974 protulerit
2020 939 2033 977 3
2052 938 2121 968 aut
2142 926 2237 970 scri-

1208 973 1310 1027 ptis,
1341 974 1373 1015 si‘
1391 972 1537 1016 falsum
1574 975 1900 1021 Instrumentum
1917 981 2116 1026 Notarius
2141 999 2240 1027 con-

1208 1030 1436 1085 scripserit,
1456 1044 1527 1073 ant
1550 1031 1670 1074 abusu
1692 1063 1704 1084 ,
1729 1035 1892 1088 quando
1916 1036 2041 1081 sciens
2064 1042 2239 1095 prudens

1207 1087 1294 1143 quis
1326 1087 1423 1130 dolo
1463 1086 1574 1130 malo
1610 1087 1887 1134 instrumentis
1922 1093 2028 1138 falsis
2062 1097 2113 1139 ab
2152 1095 2236 1141 alio

1209 1144 1440 1199 compositis
1463 1145 1591 1187 utitur
1612 1161 1621 1185 z
1643 1159 1710 1189 aut
1735 1146 1842 1192 &Sto
1862 1179 1874 1202 ‚
1895 1165 1988 1194 curn
2008 1154 2095 1208 quis
2117 1169 2241 1198 num-

1211 1216 1298 1244 mos
1330 1233 1342 1254 ,
1392 1214 1462 1244 aut
1487 1202 1632 1256 probos
1656 1203 1793 1247 raserit
1824 1237 1837 1260 ,
1887 1219 1956 1250 aut
1991 1210 2247 1257 adulterinos.

1210 1258 1390 1311 cuderit,
1422 1259 1664 1302 coloraverit
1685 1291 1694 1301 .
1725 1262 1886 1306 Dicitur
1909 1277 2049 1309 aurem
2073 1267 2150 1311 hoc
2171 1270 2244 1320 Ju-

1209 1315 1360 1357 dicium
1398 1314 1485 1358 falsi
1508 1315 1740 1360 descende-re
1763 1335 1812 1362 ex
1841 1319 1930 1376 lege
1953 1323 2151 1368 Cornelia
2183 1338 2246 1368 te-

1211 1372 1472 1415 stamentaria
1492 1403 1505 1425 ‚
1522 1373 1631 1428 'quia
1652 1373 1733 1418 hoc
1759 1391 1912 1420 nomen
1938 1380 2021 1422 Lex
2045 1382 2246 1426 Cornelia

1210 1429 1257 1470 de
1284 1428 1388 1471 falsis
1412 1430 1563 1473 meruit
1588 1443 1752 1485 propter
1776 1432 2148 1489 faciliorem-hujus
2167 1441 2247 1482 cri-

1211 1486 1340 1528 minis
1365 1485 1640 1542 frequentiam
1665 1489 1707 1530 in
1732 1491 2014 1536 testamentis:
2046 1509 2134 1552 quae
2158 1500 2247 1539 rna-

1210 1543 1269 1598 gis
1296 1542 1448 1606 insidiis
1473 1555 1614 1598 patent
1636 1545 1731 1589 dolo
1756 1547 2028 1605 adstantium,
2058 1552 2100 1595 ἃ
2120 1568 2249 1608 aegro-

1213 1611 1335 1642 tantis
1358 1600 1644 1645 imbecillitate
1675 1635 1685 1645 .
1737 1605 1863 1648 Poena
1888 1622 1985 1650 vero
2010 1624 2060 1652 ex
2087 1626 2132 1653 ea
2158 1611 2246 1666 lege

1212 1656 1254 1700 in
1281 1656 1418 1721 liberis
1441 1656 1519 1701 fuit
1542 1658 1769 1714 deportatio
1789 1693 1801 1716 ,
1835 1663 1879 1705 in
1906 1662 2025 1709 servis
2045 1666 2246 1711 ultimum

1214 1714 1455 1770 supplicmm
1485 1745 1498 1768 ,
1529 1715 1706 1771 adaquod
1731 1720 1857 1762 etiarn
1882 1722 2024 1765 nostris
2049 1727 2247 1779 tempori-

1212 1771 1282 1814 bus
1302 1803 1314 1825 ,
1345 1771 1559 1818 &tontra
1582 1773 1755 1818 liberum
1781 1776 1997 1822 hominem
2030 1781 2246 1826 devenitur

1195 1838 1284 1883 ‘pro
1312 1830 1514 1884 gravitate
1535 1829 1671 1873 delicti
1696 1834 1754 1884 (c)
1775 1865 1784 1875 .
1837 1836 1901 1877 Ad
1927 1835 2058 1892 legem
2085 1832 2245 1896 quoque

1209 1885 1453 1948 Corneliam
1477 1887 1824 1934 testamentariam
1849 1893 2027 1946 pertinet
2047 1927 2059 1948 ,
2077 1896 2116 1940 8(
2137 1898 2248 1951 quasi

1210 1942 1354 1986 falium
1381 1944 1550 1998 punitur
1574 1961 1622 1988 ex
1650 1947 1690 1988 S.
1717 1949 1769 1989 C.
1797 1949 2028 1994 Liboniano
2049 1953 2247 1999 delictum

1209 2009 1351 2043 eorum
1373 2031 1391 2064 ,ι
1415 2001 1579 2056 qui<¹fibi
1602 2035 1614 2055 ,
1635 2016 1703 2046 aut
1729 2005 1804 2047 suis
1825 2006 1950 2051 etiam
1974 2007 2138 2059 jubente
2158 2013 2247 2056 Te-

1211 2057 1351 2100 statore
1383 2073 1425 2099 m
1445 2058 1580 2101 alieno
1602 2060 1841 2105 testamento
1862 2062 2043 2120 legatum
2068 2066 2246 2112 conscri-

1195 2114 1311 2156 bunt
1326 2145 1337 2167 ,
1362 2129 1458 2178 narn
1483 2116 1526 2158 δε
1546 2129 1687 2170 praeter
1707 2119 1829 2172 legati
1851 2123 2105 2166 amissionem
2124 2156 2136 2178 ,
2157 2141 2247 2180 poe-

1211 2186 1307 2235 nam
1331 2184 1458 2214 etiam
1483 2171 1567 2215 falsi
1591 2188 1824 2218 merentur:
1847 2178 1921 2220 nisi
1941 2179 2037 2222 adsit
2058 2183 2246 2237 recogni-

1211 2240 1269 2271 tio
1294 2228 1338 2271 δε
1360 2229 1597 2284 adprobatio
1622 2232 1846 2276 Testatoris
1871 2267 1883 2288 ‚
1915 2236 1978 2279 vel
2010 2237 2083 2280 nisi
2112 2238 2245 2283 servus

1210 2285 1256 2350 sit
1276 2317 1287 2339 ,
1319 2299 1390 2329 aut
1415 2286 1522 2330 filius
1544 2318 1554 2339 ‚
1597 2290 1666 2344 qui
1692 2289 1759 2332 fibi
1789 2290 1969 2345 legatum
1995 2295 2246 2351 adscripserit

1210 2358 1253 2385 in
1279 2343 1526 2387 testamento
1552 2345 1677 2388 Patris
1694 2378 1703 2396 ‚
1728 2347 1843 2392 Patre
1866 2349 2042 2395 dietante
2059 2384 2070 2405 ,
2093 2353 2118 2394 l.
2137 2353 2246 2397 m&

1212 2415 1250 2456 3.
1283 2404 1336 2444 C.
1365 2402 1424 2443 de⁴
1448 2401 1511 2444 his
1538 2403 1609 2456 qui
1631 2402 1714 2455 fibi
1734 2405 1923 2461 adfer-ips.
1953 2409 2115 2452 Falsatae
2148 2427 2245 2455 vero

1210 2469 1386 2521 monetae
1408 2458 1568 2501 crimen
1593 2460 1895 2514 quodammodo
1918 2465 1966 2508 ad
1988 2465 2247 2518 Maiestatem

1210 2527 1388 2571 pertinet
1414 2531 1434 2566 ;
1484 2514 1652 2572 ideoque
1691 2518 1807 2561 bo'nis
1843 2521 1900 2564 rei
1934 2523 2126 2566 universis
2148 2541 2245 2571 cum

1211 2571 1443 2615 Domo-ubi
1471 2571 1615 2615 falsum
1640 2574 1852 2619 admissum
1879 2577 1958 2622 fuit
1987 2611 1999 2631 ,
2033 2580 2146 2625 Fisco
2177 2583 2247 2626 ad-

1206 2629 1352 2683 dietis,
1385 2645 1475 2674 reus
1500 2630 1632 2685 capite
1666 2631 1853 2687 plectitur
1881 2637 1909 2677 l.
1936 2652 1967 2680 ι.
1994 2636 2105 2681 &20
2123 2640 2245 2684 C-de

1204 2685 1327 2740 falsa
1346 2700 1500 2736 moneta
1515 2719 1524 2729 .
1731 2714 1734 2716 ·
2066 2703 2069 2706 ’

1270 2744 1339 2788 Est
1368 2744 1411 2788 &
1441 2746 1617 2788 Crimen
1647 2745 1857 2792 violentiae
1886 2781 1899 2803 ,
1947 2751 2053 2807 quod
2083 2752 2244 2798 ulcisci-

1211 2814 1275 2845 tur
1297 2801 1360 2845 lex
1386 2801 1495 2854 Julia
1517 2803 1564 2846 de
1588 2802 1630 2846 'vi
1657 2805 1818 2860 publica
1840 2806 1884 2850 ὃ(
1903 2807 1941 2850 vi
1967 2808 2120 2861 privata
2136 2842 2146 2853 .
2167 2812 2245 2856 Vis

1213 2859 1377 2914 publica
1408 2872 1494 2903 erat
1516 2859 1620 2904 olim
1653 2893 1666 2915 ,
1715 2878 1803 2918 quae
1824 2880 1846 2906 a
1873 2865 2042 2918 publicis
2067 2868 2241 2920 personis

1210 2916 1460 2961 inferebatur
1475 2933 1487 2971 3
1503 2918 1658 2973 privata
1675 2935 1769 2964 vero
1792 2952 1802 2971 ,
1819 2937 1907 2976 quae
1925 2938 1946 2964 a
1962 2923 2147 2978 privatis,
2168 2926 2241 2979 l.7.

1786 2977 1832 3020 Ii
1896 2993 1919 3021 2
2136 2979 2246 3036 ffide

1529 3072 1711 3093 -.‹..⁴-''—-

1930 3085 2246 3100 —a—

1260 3112 1337 3154 [b]
1365 3102 1402 3146 L.
1433 3124 1459 3146 ι.
1480 3113 1519 3157 ff
1546 3115 1588 3146 ad
1612 3118 1633 3146 Ι.
1662 3108 1751 3148 Corn.
1778 3118 1816 3148 de
1836 3118 1904 3148 Sic.
1933 3119 1953 3149 ἱ,
1971 3127 1998 3157 7.
2028 3122 2060 3150 C.
2089 3121 2155 3153 eod.

1261 3158 1331 3200 [c]
1358 3160 1454 3192 Nono
1478 3158 1639 3203 eft-ff&
1654 3165 1690 3194 ι’.
1713 3160 1756 3194 ἑά
1779 3163 1802 3195 t.
1823 3165 1945 3195 cor-net.
1974 3164 2013 3195 de
2032 3164 2153 3206 falsm
