2451 3470
160 150 268 201 106
601 128 666 213 J.
786 137 857 188 v.
975 133 1025 186 G
1105 134 1158 186 R

129 221 342 271 audeant,
374 232 400 260 o
429 213 610 259 frontem
644 210 865 255 hominum
894 214 904 252 ‚¹
937 219 1086 262 praeter
1117 207 1194 250 ho-

132 293 196 324 ras
227 276 319 322 cibo
346 273 520 318 statutas
553 270 790 327 permittere
819 263 1102 326 jejunantibus
1125 264 1193 306 in-

135 335 243 380 dicas
267 332 479 390 potiones,
517 344 601 372 non
633 327 754 370 modo
779 336 921 369 contra
952 322 1094 373 jejunii
1119 336 1195 364 na-

143 406 281 437 turam
304 391 353 443 &
386 388 523 445 legem
550 383 718 428 tristitiae
751 382 984 425 nutrientes
997 393 1044 420 ac
1060 377 1196 421 sensus

145 449 394 493 obleetames
422 463 431 487 ε
466 459 608 487 verum
641 441 767 485 etiam
797 449 945 482 contra
970 449 1197 479 commune

150 506 209 551 fas
246 506 466 550 hominum
496 502 642 543 vetitas
667 496 878 550 cupidines
908 491 1198 536 incendentes.

211 564 343 607 Ultro
372 578 394 604 a
427 558 541 602 nobis
571 556 782 611 abigamus
841 550 1119 594 fraudulentas
1149 549 1199 591 il-

159 623 219 666 las
248 619 414 665 honoris
444 614 743 670 exaequationes
773 624 868 652 cum
902 608 988 650 vita
1007 638 1018 659 ‚
1050 607 1094 648 in
1109 606 1197 662 qui-

158 680 232 724 bus
263 680 528 730 interpretes,
563 671 765 725 privatam
800 665 959 716 injuriae
992 663 1198 707 ultionem

159 736 270 782 inter
299 731 553 777 Christianos
584 727 821 769 inducentes
843 722 1050 778 patientiae
1067 720 1199 776 legem

162 794 324 851 penitus
340 787 591 834 evellerunt.
619 782 771 827 Exulet
786 781 914 824 etiam
929 811 942 832 ,
973 779 1016 821 δι
1031 776 1203 821 Pontifi-

162 851 235 896 ciae
265 849 376 892 vocis
407 842 627 898 imperium
658 840 879 896 aliquando
912 848 1097 880 vereatur
1110 834 1200 890 opi-

161 909 235 951 nio
264 902 482 950 eorundem
516 899 614 950 illa,
646 913 733 952 quae
763 911 859 939 cum
890 894 1025 939 carnis
1057 892 1127 936 usu
1143 907 1204 935 re-

172 965 329 1020 liquam
361 957 613 1004 abstinentiae
626 954 927 1010 obligationem
948 950 1204 994 exsolvebat.

225 1024 289 1064 Ae
332 1034 382 1061 ne
426 1031 495 1072 per
538 1012 693 1068 singula
737 1023 927 1066 portenta
955 1007 1204 1067 opinionum

172 1078 217 1122 iri
239 1075 450 1121 infinitum
463 1084 725 1115 excurramus
741 1099 753 1121 ,
786 1066 999 1123 respiciant
1020 1064 1205 1120 aliquan-

166 1137 222 1179 do
253 1133 383 1177 divini
415 1129 512 1182 juris
545 1127 677 1170 fontes
697 1124 896 1181 ,ejusque
929 1137 1014 1165 non
1048 1120 1170 1164 verbo
1192 1151 1207 1172 ,

155 1192 232 1237 >sed
263 1191 350 1234 vim
383 1186 701 1244 potestatemque
734 1194 918 1226 tenentes
946 1212 961 1234 ,
991 1177 1206 1221 dimittant

169 1245 451 1305 captiunculas
478 1242 569 1286 illas
586 1242 668 1285 suas
683 1272 695 1294 ,
726 1239 872 1297 quibus
887 1238 1103 1281 verborum
1117 1234 1205 1290 api-

168 1308 281 1351 culas
306 1304 450 1348 assidue
482 1311 756 1354 aucupantes,
790 1296 1032 1350 honestaque
1068 1293 1206 1335 nomi·

171 1379 226 1409 na
256 1361 367 1405 vitiis
397 1360 658 1413 imponentes
681 1387 694 1408 ,
737 1354 910 1397 laxiores
941 1348 1099 1406 regulas
1131 1349 1207 1391 hu-

172 1420 288 1466 mani
321 1414 561 1462 commercii
583 1414 731 1469 pesteS,
764 1411 897 1454 fallaci
921 1410 1121 1452 sacrorum
1143 1421 1206 1449 ca·

174 1492 335 1522 nonum
365 1472 642 1528 explicatione
675 1469 720 1512 in
740 1468 875 1525 priscae
887 1466 1106 1522 disciplinae
1122 1477 1208 1519 pexu

122 1534 331 1583 t„niciem
365 1531 435 1574 sibi
467 1528 685 1584 adrogata,
718 1525 872 1570 tamdiu
905 1532 1151 1580 protegunt.

231 1589 406 1635 Etenim
457 1600 553 1629 vero
601 1585 746 1640 pudeat
788 1598 858 1626 vos
889 1580 1115 1625 divinitatis
1148 1577 1227 1620 ins

172 1659 368 1705 terpretes
389 1677 402 1698 ,
433 1642 667 1698 integritate
699 1654 818 1696 atque
848 1639 1023 1684 candore
1055 1636 1212 1680 senten-

175 1707 328 1751 tiarum
370 1702 541 1756 superari
583 1715 605 1742 a
637 1700 838 1742 veteribus
869 1694 1213 1749 Juriscousultis,

174 1764 245 1819 qui
288 1775 384 1805 cum
426 1756 540 1800 nulla
582 1770 676 1800 vera
723 1754 925 1811 religione
950 1784 964 1807 ,
1018 1754 1079 1797 sed
1131 1752 1212 1794 sola

177 1818 385 1864 honestate
429 1812 604 1857 naturali
645 1809 964 1856 emendarefftur
990 1843 1003 1865 ‚
1046 1823 1213 1855 contro-

179 1876 323 1920 versias
365 1885 507 1916 tamen
553 1884 718 1912 morum
762 1869 884 1925 longe
932 1867 1125 1912 definiere
1157 1867 1217 1911 se-

179 1933 314 1977 verius
339 1963 352 1984 ,
393 1929 438 1973 &
480 1926 832 1980 interpretationis
882 1926 1039 1981 regulas
1087 1927 1212 1981 longe

180 1990 375 2034 tradidere
419 1984 625 2047 graviores
656 2016 667 2026 .
712 1985 826 2038 Quas
871 1984 1035 2027 utinam
1071 1999 1215 2039 praece-

179 2061 314 2105 ptores
355 2059 427 2086 vos
459 2042 582 2085 nostri
615 2051 685 2083 aut
715 2041 765 2083 ab
796 2039 880 2083 illis
912 2040 1174 2095 arripuissetis
1203 2071 1216 2093 ,

178 2116 249 2149 aut
296 2113 474 2156 arreptas
507 2113 643 2142 rerum
675 2096 950 2140 humanarum
982 2098 1098 2142 causa
1130 2113 1215 2142 non

178 2159 378 2212 abjiciatis
405 2189 413 2199 .
460 2153 729 2212 Dupliciter,
780 2154 909 2197 Paulli
951 2154 996 2198 ἃ
1037 2155 1216 2211 Ulpiani

183 2218 384 2262 sententia
409 2246 422 2268 ,
464 2212 529 2256 lex
578 2210 820 2264 infringitur
847 2243 859 2264 ,
888 2223 958 2254 aut
987 2228 1083 2256 cum
1117 2229 1213 2257 con·

182 2288 245 2318 tra
288 2273 423 2328 legem
465 2269 619 2324 aliquid
660 2268 978 2322 committitur,
1020 2284 1090 2313 aut
1121 2287 1214 2314 cum

183 2330 330 2376 callida
373 2325 711 2381 interpretatione
756 2326 887 2369 sensus
931 2325 1046 2369 illius
1087 2327 1214 2371 eludi-

183 2403 251 2433 tur
276 2419 289 2439 ,
336 2384 438 2429 illud
480 2397 621 2426 contra
655 2383 790 2438 legem
818 2382 893 2427 esse
923 2383 1066 2428 dicunt
1091 2416 1104 2438 ,
1138 2385 1215 2428 hoc

183 2446 231 2491 in
262 2442 375 2487 illius
405 2440 615 2483 fraudem.
646 2441 808 2483 Contra
841 2440 976 2495 {egem
999 2439 1123 2496 facit,
1155 2442 1223 2485 in·'

181 2503 274 2560 quit
320 2498 483 2543 Paullus
508 2529 520 2550 ,
567 2497 636 2552 qui
668 2498 707 2539 id
739 2496 864 2551 facit,
894 2497 999 2554 quod
1033 2498 1098 2543 lex
1132 2515 1218 2554 pro-

181 2561 334 2604 hibet:
380 2558 424 2599 in
456 2553 640 2617 fraudem
673 2569 801 2607 vero,
831 2555 904 2611 qui
939 2554 1058 2598 salvis
1091 2557 1221 2599 verbis

183 2617 283 2672 legis
329 2613 575 2658 sententiam
615 2609 728 2653 illius
757 2612 1037 2656 circumvenit
1064 2645 1076 2657 .
1109 2614 1221 2668 Quid

181 2675 296 2719 enim
337 2670 548 2714 conservas
591 2667 696 2710 mihi
736 2667 892 2711 duffim
920 2700 934 2721 ‚
982 2669 1011 2712 si
1059 2672 1217 2714 senten-

184 2733 286 2775 tiam
316 2727 503 2770 dissolvas
528 2755 541 2777 ,
585 2723 790 2779 licereque
821 2737 936 2779 putes
964 2757 977 2778 ,
1024 2727 1223 2782 quidquid

183 2783 441 2833 nominatim
484 2797 569 2824 non
615 2781 916 2835 prohibeatur?
949 2798 1044 2826 cum
1080 2796 1225 2840 praeter

183 2842 362 2902 expressa
413 2849 631 2900 occurrant
693 2837 773 2881 alia
818 2841 1036 2883 innumera
1072 2872 1087 2895 ,
1132 2855 1224 2896 quae

182 2899 351 2949 occulto
391 2896 532 2952 legum
574 2893 725 2946 iudicio
756 2895 1006 2940 damnantur
1040 2894 1064 2950 ’ς
1117 2912 1223 2951 quae-

190 2975 269 3015 que
323 2955 425 3018 fidus
464 2954 508 2996 ἃ
550 2952 742 2995 candidus
786 2952 1026 3008 interpres,
1072 2953 1132 2996 uti
1163 2969 1223 2996 re-

189 3019 279 3062 &us
323 3011 506 3056 minister
547 3024 688 3053 earum
733 3008 782 3053 ad
813 3010 990 3054 tribunal
1027 3010 1224 3066 pertrahit

191 3167 525 3186 ’,μ-.-

232 3202 316 3246 (a)
341 3201 377 3232 L.
400 3198 525 3240 penult.
545 3194 588 3241 ff-
616 3196 658 3229 ad
683 3195 789 3230 exhib.

1241 134 1821 191 AVINAE

1242 208 1523 274 conscientiae·
1555 203 1808 265 fingulorum
1846 232 1856 258 ε
1904 215 1973 272 qui
2010 245 2023 269 ‚
2067 212 2140 258 nifi
2174 210 2266 256 fibi-

1243 280 1328 310 met
1372 267 1863 331 aufloritatefallacium
1895 272 2166 328 interpretum
2215 267 2274 312 as·

1243 325 1521 376 sentarentur,
1555 340 1600 367 in
1633 326 1831 375 sententia
1865 329 1963 386 legis
1992 329 2100 376 ultro
2133 344 2282 373 conce·

1242 382 1415 444 derent,
1444 397 1539 426 cum
1572 383 1706 427 multo
1726 386 1840 441 plura
1860 386 2180 442 comprehendat
2197 385 2286 430 sen-

1246 438 1305 502 sus
1340 438 1438 494 legis
1453 470 1475 501 ,.
1495 455 1620 494 quam
1653 441 1770 487 sonus
1802 447 2048 497 verborum,
2079 443 2175 500 quia
2194 474 2207 495 ‚
2238 455 2284 486 ut

1244 507 1361 560 ayunt
1389 496 1698 559 Jurisconsulti,
1733 500 1856 557 longe
1890 501 2005 558 plura
2038 500 2128 543 sunt
2159 515 2289 554 nego-

1247 566 1303 596 tia
1332 585 1344 605 ‚
1373 568 1498 614 quam
1533 556 1728 600 vocabula
1756 590 1766 600 .
1798 561 1912 604 Hinc
1946 556 2104 607 subjicit
2133 554 2286 610 Ulpia-

1249 626 1347 675 nusf
1376 610 1494 662 fraus
1523 612 1602 668 iegi
1624 612 1678 667 fit
1697 647 1711 669 ‚
1742 617 1813 659 ubi
1839 650 1853 671 ,
1880 617 1986 673 quod
2008 614 2105 670 fieri
2135 613 2286 666 noluit,

1238 666 1337 735 fier(
1366 680 1500 735 autern
1533 686 1605 712 non
1636 674 1791 727 vetuit,
1823 674 1868 718 id
1894 673 1971 728 fit:
2004 672 2048 716 &
2077 670 2289 728 quodistat

1246 739 1354 786 ρητον
1392 740 1466 764 mro
1494 724 1688 785 Σιανοὶας,
1718 729 1759 773 id
1791 732 1870 785 est,
1904 731 2051 774 diHum
2081 747 2105 771 a
2131 727 2288 782 senten-

1251 794 1337 833 tia,
1369 779 1447 823 hoc
1479 780 1595 824 distat
1627 781 1731 828 fraus
1765 789 1814 830 ab
1844 805 1919 841 eo,
1952 788 2056 843 quod
2074 785 2290 830 contrale-

1250 849 1345 893 gem
1376 838 1448 903 fit3
1478 837 1574 903 Νοῃ
1602 844 1709 904 'enim
1730 856 1900 899 oportet,
1934 859 1976 888 ut
1994 843 2191 899 leges>ipse
2207 841 2291 886 cla·

1254 906 1396 947 mant,
1427 912 1492 946 yus
1522 898 1645 939 czvaele
1667 913 1824 954 captare
1842 935 1852 953 ,
1886 919 2008 957 neque
2020 899 2290 951 calumniari,

1246 950 1320 1006 sed
1345 969 1425 1006 qua
1447 965 1574 995 mente
1594 957 1773 1012 quidque
1785 959 2150 1002 dicatus-attendere
2165 988 2176 1000 .
2207 957 2293 1009 (a)

1309 1010 1384 1073 Tu
1398 1025 1494 1052 vero
1506 1041 1518 1061 ‚
1554 1012 1685 1056 noster
1699 1015 1925 1059 misericors
1938 1048 1952 1069 ,
1973 1015 2041 1071 qui
2055 1014 2146 1058 aliis
2160 1014 2293 1057 liben-

1255 1078 1316 1108 ter
1347 1066 1556 1131 indulges,
1590 1082 1633 1134 ut
1667 1069 1813 1125 largius
1845 1074 2053 1128 indulgeas
2087 1072 2163 1115 tibi
2193 1069 2295 1126 ipsi,

1254 1138 1334 1186 quo
1365 1137 1521 1188 gratior
1554 1127 1700 1184 ubique
1733 1128 1806 1182 sis,
1834 1129 2122 1186 &proceribus
2137 1126 2297 1182 praeser-

1258 1193 1336 1243 trin
1369 1195 1602 1245 acceptior,
1633 1186 1729 1228 dum
1763 1187 1883 1229 verba
1915 1187 2016 1243 legis
2034 1199 2198 1237 teneas,
2230 1183 2298 1226 ni-

1259 1237 1317 1280 hil
1351 1239 1488 1294 pendis
1521 1241 1736 1286 confilium
1768 1243 2038 1299 legislator333
2070 1254 2113 1284 ut
2146 1241 2173 1284 fi
2204 1239 2298 1296 quis

1259 1308 1486 1359 extremam
1531 1312 1811 1363 paupertatem
1846 1300 1920 1344 hac
1951 1297 2133 1342 formula
2163 1298 2297 1353 impe-

1261 1367 1436 1405 raverit,
1462 1366 1736 1409 pecuniamne
1753 1358 1930 1414 atting0‚
1964 1370 2009 1401 tu
2040 1371 2191 1399 noxam
2207 1370 2309 1398 orn-⁷

1260 1424 1356 1474 nem
1387 1425 1570 1473 amotam
1594 1426 1734 1469 putes,
1765 1415 1862 1458 dum
1877 1415 1965 1470 quis
1980 1426 2300 1457 manusanurn-

1262 1482 1338 1509 niis
1371 1468 1562 1510 abstineat
1599 1471 1705 1521 suas,
1739 1472 1901 1515 dextera
1934 1488 2029 1515 vero
2064 1483 2206 1526 praeter
2225 1483 2297 1512 ne-

1259 1525 1478 1587 cessitatem
1496 1539 1635 1569 utatur
1649 1560 1661 1580 ,
1674 1529 1716 1571 ὅ(
1729 1545 1850 1583 opera
1867 1528 2176 1572 ministrorum:
2209 1540 2297 1581 quae

1264 1580 1286 1623 si
1322 1594 1424 1624 ratio
1458 1582 1635 1637 valeret,
1669 1586 1771 1628 nihil
1809 1585 2024 1641 pauperius
2053 1585 2152 1629 esset·
2169 1584 2299 1638 Regi-

1262 1638 1332 1701 bus
1363 1650 1484 1694 atque
1513 1640 1778 1699 Tetrarchis⁴
1811 1642 2080 1687 Mendacium
2113 1641 2202 1684 aliis
2224 1655 2298 1682 no-

1264 1711 1378 1739 xium
1413 1696 1527 1759 leges
1552 1699 1747 1761 universae
1774 1699 1974 1743 damnant
1999 1715 2008 1741 z
2042 1713 2084 1742 at
2115 1711 2160 1741 tu
2193 1696 2299 1740 bone

1263 1751 1476 1816 confestim
1506 1755 1682 1800 crimine
1707 1756 1853 1799 liberas
1867 1773 1990 1809 eum,
2024 1756 2093 1812 qui
2126 1754 2297 1798 verbum

1264 1809 1461 1861 iaculetur
1489 1826 1665 1866 anceps,
1696 1826 1742 1855 ut
1771 1813 1940 1857 audiens
1972 1814 2015 1857 in
2036 1812 2218 1856 fraudem
2236 1811 2302 1853 in-

1263 1867 1432 1931 ducatur
1453 1901 1468 1923 ‚
1495 1870 1606 1925 quasi
1636 1869 1745 1926 leges
1778 1870 1898 1914 verba
1929 1870 2131 1914 mendacii
2165 1867 2304 1923 prohi-

1265 1925 1427 1991 buerint
1452 1958 1469 1990 2
1501 1941 1585 1970 non
1616 1927 1808 1970 animum
1842 1927 2067 1981 nixumque
2101 1925 2300 1969 fallendi:

1267 1996 1341 2024 nec
1383 1983 1460 2046 tibi
1504 1984 1649 2027 videris
1686 1984 1900 2028 dissolvere
1935 1984 2068 2040 legem
2098 2016 2111 2037 ,
2143 1981 2304 2038 quando

1266 2039 1528 2083 statuentium
1560 2040 1841 2102 ‚voluntatem
1888 2042 1963 2086 hac
2011 2041 2304 2098 praestigiarum

1264 2108 1349 2159 arte
1393 2096 1591 2162 frustraris
1617 2129 1631 2150 ,
1662 2114 1741 2153 qua
1769 2130 1780 2150 ,
1815 2097 1882 2141 ubi
1915 2114 1936 2142 e
1970 2114 2009 2141 re
2044 2113 2110 2140 tua
2143 2096 2264 2139 fuerit
2289 2121 2306 2148 ς

1267 2167 1460 2218 nigra-in
1491 2154 1660 2198 candida
1690 2156 1891 2198 continuo
1912 2156 2060 2208 vertis,
2092 2171 2163 2205 ac,
2196 2152 2309 2203 iuxta

1265 2208 1507 2274 AEsopicum
1541 2210 1668 2260 illud,
1699 2212 1841 2255 eodem
1874 2228 1923 2256 ex
1955 2229 2023 2255 ore
2055 2209 2308 2266 frigidum&

1273 2267 1450 2311 calidum
1483 2267 1623 2313 efflas:
1657 2270 1942 2323 Quamobrem
1974 2284 2044 2312 vos
2075 2270 2132 2312 ita
2150 2266 2312 2310 notavit

1267 2326 1466 2370 Comicus
1495 2326 1579 2370 illis
1612 2326 1766 2369 verbis:
1801 2327 1894 2379 (b)

1383 2443 1632 2499 Rogationes
1655 2442 1855 2498 plui-imru
1876 2451 2035 2496 propter
2061 2456 2131 2482 vos
2145 2437 2312 2495 populus

1437 2499 1565 2552 scivit
1586 2530 1599 2552 ‚

1385 2556 1501 2608 Quas
1520 2572 1603 2620 .⁷‘'.⁰5
1633 2568 1790 2620 rogatas
1806 2554 2018 2610 rumpitis:
2051 2554 2238 2608 aliquam
2250 2567 2310 2594 re-

1441 2624 1583 2667 perttts
1614 2628 1782 2664 rlmam,

1385 2668 1514 2723 Quasi
1555 2685 1701 2722 aquam
1742 2667 1963 2722 ferventem
2000 2666 2200 2724 frigidam
2237 2661 2311 2721 effe

1444 2728 1506 2768 ita
1539 2742 1609 2768 vos
1632 2727 1789 2781 putatis
1817 2726 1945 2781 leges.

1278 2897 1285 2905 .
1332 2838 1475 2902 Atqui·
1508 2853 1593 2880 non
1638 2838 1691 2882 ita
1737 2818 2034 2884 Lsscedaemonii
2066 2838 2306 2883 divitiarum

1277 2897 1604 2960 interdiffionem
1647 2914 1669 2939 a
1713 2898 1937 2951 Lycurgo,
1983 2912 2111 2950 neque
2143 2894 2312 2939 menda·

1273 2970 1329 2997 cii
1365 2953 1686 3008 prohibitionem
1720 2970 1743 2996 a
1780 2955 1852 2997 suis
1884 2953 2140 2997 venientibus
2159 2952 2314 3005 legibus

1279 3011 1399 3056 Persae
1442 3024 1687 3068 acceperunt
1720 3027 1733 3053 z
1780 3011 2008 3055 Christiani
2040 3042 2052 3063 ,
2101 3008 2196 3053 vero
2240 3008 2311 3064 qui

2171 3080 2340 3111 exem·-

1276 3167 1641 3180 ——--—,.-,

1289 3198 1368 3241 (b)
1396 3201 1501 3232 Piaut.
1527 3198 1563 3231 in
1590 3200 1679 3233 curc.
1703 3198 1765 3232 aff.
1792 3209 1822 3239 4.
1843 3200 1890 3241 sc.
1915 3208 1948 3230 2.
1976 3209 2008 3231 υ,
2036 3206 2089 3236 23.

2203 3162 2316 3175 ἐ*-
