2451 3470
711 106 1684 160 OPUSCULA.

306 281 996 370 RECEP‘TIORIS

132 442 455 516 JURIS
533 441 1183 508 SPEOIMEN,

134 581 239 626 SIVE
307 591 679 627 INSTITUTIONUM
738 582 1068 624 IMPERIALIUM
1125 595 1183 623 Ex

309 653 397 682 USU
431 652 713 695 NOSTRORUM
741 651 1010 682 TEMPORUM

461 725 749 769 LIBER
840 725 874 765 I.

215 811 346 863 QUI
385 811 518 852 EST
550 809 656 852 DE
701 808 1109 852 PERSONIS.

134 940 1187 956 ——n—-·——————·——-——.—-——

276 1041 321 1083 T
382 1041 422 1082 ΙἸ
463 1040 507 1082 T
566 1040 612 1082 U
672 1041 710 1083 L
769 1038 813 1079 U
874 1039 900 1082 S
1016 1039 1053 1082 1.

403 1155 474 1199 De
497 1154 597 1208 Jure
627 1137 917 1221 Personarumi„

213 1267 287 1311 US
318 1267 586 1312 Personarum
615 1267 670 1311 est
700 1268 837 1310 Status
871 1298 884 1320 ,
916 1264 998 1309 sive
1030 1265 1187 1308 Condi-

226 1325 286 1368 tio
319 1324 566 1368 hominumt
599 1324 669 1380 qui
703 1323 766 1367 vel
800 1322 939 1367 Liberi
967 1323 1088 1375 sunt,
1126 1323 1190 1365 vel

138 1381 280 1424 Servi·
317 1383 382 1425 Ex
415 1381 553 1425 liberis
585 1380 657 1424 alii
691 1381 935 1432 nascuntur,
966 1378 1040 1422 alii
1058 1381 1190 1423 fiunt..

142 1436 227 1492 Qui
261 1438 481 1482 nascuntur
509 1437 771 1494 appeilantur
808 1436 983 1493 Ingenui
1012 1451 1025 1489 ς
1063 1437 1136 1492 qui
1169 1452 1189 1480 e

143 1493 264 1536 {ervis
295 1495 401 1537 fiunt
434 1494 547 1538 liberi
581 1493 840 1550 appeliantur
853 1492 1058 1537 Libertini
1080 1525 1089 1535 .
1127 1495 1187 1536 Ut

143 1563 282 1594 autem
316 1550 461 1594 reffius
493 1551 751 1605 intelligatur
775 1582 789 1605 ,
826 1550 901 1606 qui
933 1549 1011 1592 fint
1041 1550 1193 1603 liberi,

145 1607 215 1663 qui
264 1623 360 1651 vero
390 1607 492 1651 'servi
519 1639 532 1661 ,
578 1605 771 1652 tradenda
797 1608 856 1651 *est
887 1606 1117 1661 ubertatis,
1147 1607 1194 1650 ὃς

141 1663 355 1708 servitutis
377 1664 585 1709 definitio.
619 1665 801 1708 Libertas
827 1664 886 1708 est
904 1664 1118 1708 Naturalis
1131 1663 1194 1707 fa-

148 1719 277 1764 cultas
307 1721 389 1773 ejus
414 1754 427 1775 ,
465 1723 575 1779 quod
606 1720 753 1778 cuique
783 1720 916 1765 facere
947 1721 1048 1765 libet
1076 1753 1088 1774 ,
1119 1720 1194 1764 nisi

145 1777 216 1830 vi,
249 1791 318 1821 aut
348 1778 432 1829 -jure
465 1778 727 1835 prohibeatur
751 1779 838 1831 (a).
872 1778 1195 1842 Libertas-igitur

138 1834 379 1891 'accipienda
408 1836 462 1879 est
489 1837 540 1880 de
569 1835 741 1879 homine
772 1847 1054 1889 permanente.
1072 1850 1120 1878 m
1135 1835 1212 1878 ci·-

478 1925 491 1948 ,
520 1893 589 1936 ubi
623 1891 854 1936 naturalem
886 1892 1032 1950 agendi
1067 1891 1213 1936 liber-i

144 1890 224 1934 vili
257 1891 445 1937 soci-etate

149 1959 277 1992 tatem
320 1949 454 1993 civilis
496 1949 679 1993 honestas
711 1965 760 1993 ex
793 1949 931 2005 legum
964 1948 1193 2005 prae‘scripto

143 2005 410 2048 moderatur:
445 2007 626 2051 Servitus
657 2022 752 2050 vero
775 2007 830 2049 est
851 2007 1194 2058 ConstitutioJu-

149 2060 206 2104 ris
236 2062 425 2117 gentium
455 2064 657 2120 ·qua.quis
682 2064 874 2106 ‘dominio
890 2063 1190 2106 alieno-contra

153 2131 346 2162 naturam
381 2119 615 2171 subjicitur:
651 2119 843 2163 Refertur
875 2132 1012 2163 autem
1045 2120 1094 2163 ad
1125 2121 1194 2171 Jus

151 2175 340 2230 gentium
365 2207 376 2230 ,
407 2177 501 2232 quia
527 2191 620 2220 non
658 2176 786 2220 solum
814 2176 921 2231 apud
951 2179 1197 2230 Romanos3

154 2232 215 2276 sed
263 2234 390 2276 etiam
439 2234 542 2288 apud
580 2232 682 2277 alias
718 2247 864 2289 gentes
909 2233 1074 2276 servitus
1118 2233 1199 2276 fuit

153 2288 337 2333 instituta
368 2306 377 2331 :
412 2290 455 2333 ἃ
487 2290 649 2346 quidem
682 2304 823 2334 contra
853 2303 1073 2344 naturam,
1101 2291 1199 2346 quia

156 2361 281 2389 nemo
314 2347 446 2390 servus
477 2348 530 2390 est
557 2380 569 2401 ,
593 2345 674 2390 *nisi
709 2363 778 2403 per
810 2348 926 2401 vim,
953 2348 1200 2392 naturaliter

154 2404 268 2447 enim
301 2404 476 2459 quilibet
510 2404 610 2448 liber
641 2418 804 2449 manet.
1116 2408 1119 2411 ’

215 2462 331 2505 Servi
362 2462 467 2505 fiunt
499 2461 689 2506 bom-ines
722 2463 849 2505 tribus
879 2462 1033 2505 modis.
1067 2463 1100 2504 Ι.
1129 2463 1202 2505 Per

157 2516 462 2572 'Captivitatem
484 2551 496 2573 ,
527 2535 621 2563 curn
652 2520 742 2576 quis
775 2521 823 2562 ab
856 2519 1030 2562 hostibus
1062 2519 1103 2561 in
1119 2519 1200 2563 bel-

161 2573 202 2617 lo
233 2575 415 2630 capitur.
448 2578 507 2619 ΙΙ.
539 2577 614 2620 Per
646 2577 956 2630 Nativitatem,
982 2592 1082 2620 vcum
1115 2577 1204 2632 quis

160 2646 182 2675 e
214 2630 384 2676 muliere
417 2634 528 2677 serva
556 2635 757 2677 nascitur.
792 2635 874 2676 111.
908 2636 972 2677 Ex
1006 2635 1100 2685 Jure
1126 2633 1201 2676 Ci-

163 2687 237 2730 vili
266 2719 278 2741 ,
328 2705 422 2732 cum
465 2690 554 2746 quis
582 2691 716 2743 maior
747 2690 898 2747 viginti
932 2692 1050 2733 annis
1083 2690 1207 2734 scien-s

160 2745 413 2803 prudensque
466 2747 546 2790 sese
594 2749 731 2791 vendit
782 2749 829 2791 ad
875 2749 1202 2803 participandum

162 2803 390 2858 precium:
442 2803 513 2858 qui
557 2818 719 2859 propter
768 2805 987 2848 faeditatem
1023 2805 1202 2849 viliis-‚mi

161 2860 290 2903 animi
325 2878 346 2903 a
378 2861 473 2912 Jure
504 2860 635 2903 Civili
670 2877 869 2916 perpetuae
897 2862 1083 2906 servituti
1121 2863 1203 2906 iub-

166 2915 303 2967 jicitur
330 2934 342 2972 3
385 2933 479 2961 cum
513 2916 743 2961 liberta-tem
773 2950 786 2971 ‚
828 2935 914 2962 rem
945 2920 1204 2964 inaestimabi-

167 2973 278 3027 lem,
310 2975 444 3031 precio
476 2975 790 3030 permutaverit.

436 3132 608 3142 ——-r

720 3130 1204 3144 ——s—-n—m-ss

178 3162 198 3200 (
223 3171 243 3193 a
266 3164 284 3201 )
309 3164 347 3194 L.
375 3173 408 3201 4.
438 3163 485 3194 D.
523 3162 562 3196 de
586 3163 679 3196 Stat.
711 3163 791 3195 hom.

1230 574 1375 618 habeat
1410 575 1581 621 liberam
1613 594 1623 619 ε

2170 133 2271 184 191

1361 237 2152 291 TITULUSII.

1602 351 1670 394 De
1701 354 1726 396 I
1725 354 1888 408 ngenuis
1906 386 1914 396 .

1239 461 1496 562 INgenuus
1525 462 1581 506 est
1604 464 1674 520 qui
1704 466 2021 513 nasciturliber.
2058 472 2270 518 Utautem

1312 520 1400 573 quis
1434 518 1537 562 liber
1566 521 1784 587 nascatur,
1820 525 1910 569 satw's
1942 528 1996 571 est
2034 528 2058 571 fi
2092 542 2268 575 matrem

1672 592 1795 634 patris
1823 583 1939 626 enim
1972 586 2156 629 conditio
2189 602 2273 630 non

1233 632 1479 686 inspicitur.
1534 635 1591 677 Et
1634 634 1723 679 satis
1771 637 1795 685 fi
1830 653 1962 685 mater
1994 643 2119 686 libera
2149 642 2273 687 suevit

1232 689 1371 744 aliquo
1410 705 1463 751 ex
1488 691 1637 753 ‘tribus
1667 692 1774 737 hisce
1809 699 2091 753 temporibus,
2126 715 2274 756 nempe

1233 758 1545 808 conceptionis,
1578 762 1648 790 aut
1679 763 1815 804 partus
1847 785 1860 807 ,
1903 768 1972 798 ant
2005 757 2140 800 medio
2173 769 2276 802 tern—

1234 819 1330 858 pore
1363 816 1469 846 inter
1497 807 1815 860 conceptionem
1847 811 1890 854 ἃ
1924 825 2088 867 partum
2118 815 2229 868 (b).

1349 917 2171 972 TITULUSIII.

1537 1046 1542 1052 ’
1599 1033 1665 1076 De
1697 1035 1923 1081 libertinis.

1243 1143 1516 1247 leertini
1549 1144 1640 1190 sunt
1669 1149 1739 1204 qui
1771 1144 1821 1193 ex
1851 1151 1948 1204 {usta
1973 1154 2296 1201 servituteliber·

1261 1259 1265 1264 .
1373 1215 1537 1256 rantur,
1570 1203 1647 1246 five
1680 1212 2034 1255 manumittuntur
2063 1245 2075 1266 ‚
2107 1226 2149 1257 ut
2182 1215 2282 1256 fiant

1240 1256 1356 1301 liberi
1384 1275 1393 1300 :
1428 1261 1700 1306 Manumiffio
1732 1265 1847 1308 enim
1877 1268 1931 1310 est
1965 1271 2089 1312 Datio
2121 1270 2283 1313 Iiberta-

1238 1315 1320 1368 εἰς,
1351 1316 1459 1371 quafi
1490 1317 1664 1361 Emiffio
1694 1335 1716 1363 e
1747 1338 1902 1378 manu,
1935 1325 2283 1383 siveepotestate..

1355 1431 1973 1482 TITULUS
2090 1441 2170 1483 IV.

1298 1544 1364 1586 De
1397 1544 1459 1587 his
1487 1546 1559 1601 qui
1583 1547 1654 1601 sui
1679 1578 1692 1602 ‚
1719 1549 1791 1592 *vel
1819 1552 1944 1595 alieni
1966 1554 2081 1606 Juris
2105 1553 2227 1608 sunt„

1323 1657 1503 1713 Equitur
1533 1659 1751 1707 liberarum
1787 1666 2047 1719 personarum
2081 1667 2161 1710 alia
2180 1668 2283 1711 divi-

1245 1729 1250 1737 ·
1344 1714 1398 1778 ‚fio
1424 1731 1436 1769 3
1481 1718 1588 1761 inter
1631 1719 1908 1767 servos‘enim
1942 1724 2055 1766 nulia
2085 1725 2140 1768 est
2171 1725 2286 1769 diffe-

1242 1782 1418 1825 rentia,
1461 1789 1558 1818 narn
1602 1792 1747 1821 omnes
1791 1780 1879 1822 sunt
1924 1797 2032 1836 aeque
2076 1781 2214 1834 servi,
2245 1797 2291 1824 o-

1245 1842 1362 1872 mnes
1409 1846 1520 1886 aeque
1565 1832 1756 1879 libertate
1803 1837 1847 1880 &
1891 1838 2059 1881 civitate
2107 1850 2289 1890 carent;

1239 1886 1434 1940 quamvis
1472 1888 1562 1944 plus
1589 1922 1600 1943 ,
1632 1892 1818 1937 minusve
1860 1895 1994 1938 oneris
2037 1894 2140 1940 alter
2175 1895 2288 1939 ‘alte-

1241 1957 1289 1990 tro
1328 1942 1472 1987 ferat..
1524 1946 1762 1993 Liberorum
1794 1962 1930 1994 autem
1967 1952 2185 1996 hominum
2218 1951 2288 1996 alii

1246 2000 1338 2044 sunt
1380 2002 1477 2066 sui,
1519 2003 1589 2046 alii
1635 2021 1731 2048 vero
1769 2006 1868 2058 juris
1897 2008 2058 2052 alieni:
2091 2010 2160 2053 Sui
2193 2008 2289 2060 juris

1242 2057 1336 2121 sunt
1379 2074 1449 2114 qui
1496 2074 1621 2115 caput
1664 2063 1756 2104 sunt
1803 2063 1874 2106 suae
1907 2065 2075 2108 familiae
2111 2098 2121 2119 ,
2155 2081 2289 2121 neque

1242 2114 1369 2157 ullius
1403 2117 1584 2169 potestati
1615 2118 1913 2175 subjiciuntur3
1944 2122 2072 2178 qualis
2103 2123 2155 2166 est
2183 2122 2289 2166 fliius

1241 2173 1555 2237 emancipatus,
1586 2175 1798 2241 vel-patre
1828 2179 2010 2233 ,privatus
2037 2196 2047 2221 t
2084 2181 2192 2231 Juris
2222 2195 2293 2227 ve..

1250 2244 1294 2272 ro
1325 2228 1449 2273 alieni
1481 2230 1573 2274 sunt
1594 2248 1671 2288 ,qui
1707 2234 1830 2288 patris
1858 2236 2046 2291 :potestati
2074 2236 2292 2288 subjiciun-

1244 2297 1314 2329 tur
1356 2286 1493 2342 quales
1534 2289 1629 2332 sunt
1672 2291 1748 2334 filii
1792 2291 2006 2346 familias,
2051 2293 2117 2349 qui
2163 2294 2291 2337 veteri

1243 2344 1344 2395 ,Jure
1375 2344 1508 2389 Civili
1534 2361 1656 2390 >erant
1687 2348 1812 2392 instar
1848 2348 2082 2394 servornm.
2112 2351 2236 2393 Unde
2267 2367 2292 2393 a

1250 2401 1487 2457 parenti-bus
1535 2402 1706 2459 impune
1750 2405 1921 2460 occidi,
1963 2420 2035 2451 aut
2062 2407 2292 2451 venundari

1253 2471 1480 2512 poterant.
1529 2461 1656 2504 Nun-c
1702 2473 1844 2507 autem
1891 2464 2080 2521 quamvis
2124 2465 2200 2508 tale
2234 2464 2293 2515 jus

1250 2516 1394 2570 patriae
1437 2517 1643 2571 potestatis
1692 2518 1814 2563 fuerit
1848 2521 2153 2573 imminutum3
2197 2521 2296 2564 reii-

1246 2572 1365 2616 v&tum
1414 2586 1551 2617 tamen
1597 2576 1650 2619 est
1683 2578 1918 2631 parentibus
1934 2578 2007 2631 -jus
2037 2580 2078 2620 in
2113 2580 2216 2621 bona
2246 2579 2296 2620 lfi-

1253 2631 1404 2673 liorum
1429 2662 1446 2684 ,
1479 2631 1520 2674 δε
1554 2648 1716 2676 morum
1752 2634 1962 2689 correptio
1987 2649 2106 2691 atque
2139 2635 2293 2678 coerci-

1249 2689 1314 2730 tio
1344 2702 1356 2740 3
1387 2687 1430 2730 in
1456 2704 1539 2745 qua
1570 2691 1745 2733 con-[istit
1777 2692 1895 2736 hodie
1930 2692 2056 2748 patria
2090 2693 2255 2747 potessas
2284 2710 2291 2732 τ

1255 2744 1318 2788 cui
1354 2759 1438 2788 non
1468 2746 1592 2789 modo
1626 2748 1834 2800 subjicitur
1869 2749 1976 2792 filius
2001 2782 2014 2803 ,
2047 2750 2106 2792 sed
2139 2765 2261 2803 nepos
2282 2780 2294 2801 ‚

1249 2817 1402 2856 nempe
1448 2803 1526 2847 filii
1562 2804 1667 2848 filius
1693 2837 1705 2859 ,
1754 2805 1797 2849 ἃ
1827 2807 1896 2863 qui
1929 2807 2117 2860 deinceps
2150 2821 2293 2861 proge-

1255 2872 1448 2903 nerantur
1472 2893 1489 2915 a
1533 2862 1629 2903 dum
1677 2864 1893 2916 procedant
1941 2880 1990 2906 ex
2022 2864 2108 2905 ‘filio
2142 2864 2296 2904 mascu-

1255 2918 1329 2960 io:
1367 2931 1462 2959 narn
1494 2919 1562 2973 qui
1595 2920 1838 2962 descendunt
1869 2935 1918 2964 ex
1954 2920 2125 2962 foemina
2147 2951 2158 2971 ,
2206 2918 2294 2961 sirb-

1250 2973 1454 3026 jiciuntur
1483 2975 1633 3018 marito
1666 2976 1762 3018 filiae
1794 2977 1895 3032 patri
1918 2992 2062 3032 nempe
2086 2975 2179 3029 su03
2211 2990 2296 3017 non

2222 3048 2294 3074 au-

1256 3129 1378 3141 ..—--‚

1521 3129 2178 3142 —mu——a—-n-muoe

1301 3158 1384 3199 (b)
1410 3162 1448 3191 L.
1473 3171 1506 3200 7.
1535 3161 1578 3190 D.
1605 3161 1641 3193 de
1665 3162 1747 3205 star
1784 3162 1864 3192 hom.
