2451 3470
152 131 226 199 98
765 121 833 172 V.

954 113 1838 172 GRAVINAE

145 199 420 262 proculcanda
451 197 628 243 falsitate
659 196 903 251 defatigatur
924 224 937 246 ,
971 192 1029 235 ita
1057 191 1221 236 confe-
1287 200 1369 232 tota
1413 190 1649 234 continetur
1681 192 1723 235 in
1757 192 1893 248 primo
1919 224 1929 235 .
1972 193 2094 237 Unde
2126 197 2220 239 ante
2250 202 2322 241 νε]-

147 263 238 306 stim
270 260 381 313 jubet
411 258 548 302 cedere
583 255 710 299 veris:
746 268 826 306 ne,
855 265 1010 295 temere
1027 262 1222 293 conten-

149 319 308 374 dendo,
341 329 530 361 mentem
563 310 728 357 veritati
749 308 980 365 oppositam
999 307 1190 352 induatis
1210 339 1219 349 .
1282 306 1517 350 cluserimus
1544 338 1553 348 .

1286 247 1447 292 ritatem
1463 249 1747 304 cognoscimus
1762 281 1774 303 ‚
1790 265 1913 306 quam
1929 249 2209 308 syllogismum
2225 269 2324 297 con-

1599 307 1682 361 Qui
1713 308 1827 351 enim
1859 310 2000 365 probat
2031 311 2220 358 Stichum
2249 312 2325 358 esse

153 377 281 421 Unde
311 372 649 431 disputationibus
680 369 792 412 locus
822 367 930 420 erit,
961 365 1097 421 quoad
1117 379 1218 420 apta
1282 364 1439 408 servum
1471 363 1549 409 -hoc
1584 363 1848 420 syllogismo:

156 435 201 479 &
231 431 474 491 congruenti
506 427 785 484 exagitatione
805 424 1111 487 sententiarum
1131 439 1220 487 cer-

159 505 201 537 ta
242 509 292 538 ex
325 489 492 535 incertis
523 485 754 537 exsiliant,
800 482 844 526 ὃ(
877 481 1221 524 altercationibus

159 551 309 596 veritas
339 546 605 594 excutiatur:
641 558 719 598 qua
754 541 795 583 in
831 539 968 603 lucem
999 550 1177 602 exeunte
1211 571 1222 592 ,

165 609 282 653 vestri
313 605 452 659 iudicii
484 615 606 658 atque
635 597 828 643 candoris
859 608 969 650 ent,
1003 595 1222 659 abi-rella-

166 667 248 712 tim
279 683 301 709 a
332 662 500 718 jurgiis,
534 675 614 711 ne,
647 657 743 700 dum
775 654 972 706 justitiam
990 653 1223 716 addi-scitis,

167 715 381 781 parentem
413 717 576 771 justitiae
610 714 831 758 veritatem
864 724 1222 775 oppugnetisyac

167 783 329 829 honum
360 778 404 821 8<
435 790 626 831 aequum,
658 770 770 823 cujus
803 770 997 814 notitiam
1013 780 1222 826 quaeritis,

171 856 195 884 a
227 837 361 882 vestris
393 832 599 877 mentibus
630 828 826 873 arceatis.

230 899 288 940 Et
321 891 520 950 quoniam
554 888 746 930 homines
773 885 822 928 ad
847 883 1095 941 perspeSlam
1117 883 1222 927 veri·

178 966 308 1000 tatem
360 961 505 992 natura
539 946 622 1000 ipsa
656 943 826 987 ferimur
859 975 872 996 ,
918 942 1005 985 ideo
1037 941 1146 984 nihil
1176 941 1222 985 de

173 1008 371 1067 arguendi
405 1005 540 1049 forma
575 1001 874 1053 laborandum,
902 1000 1130 1042 dummodo
1156 1014 1220 1041 ve-

176 1068 289 1112 ritati
323 1061 653 1121 propugnandae,
685 1058 929 1113 falsitatique
961 1055 1223 1100 confutandae

175 1127 322 1171 idonea
371 1121 416 1165 sit
443 1152 456 1174 ‚
498 1130 619 1172 atque
651 1129 746 1172 apta
781 1115 951 1158 sensibus
976 1145 988 1168 ‚
1032 1114 1221 1169 rebusque

176 1180 454 1228 conveniens.
488 1175 659 1220 Etenim
691 1171 970 1218 conclusiones
1003 1187 1106 1214 verae
1138 1187 1221 1214 non

175 1257 198 1286 e
231 1238 377 1283 formis
410 1234 494 1279 illis
526 1232 748 1290 puerilibus
771 1241 1109 1284 argumentorum
1125 1245 1218 1272 exo—

175 1299 369 1348 riuntur,
402 1294 464 1337 sed
492 1308 543 1336 ex
575 1289 694 1346 ipsius
709 1288 879 1332 veritate
899 1287 1101 1330 materiae:
1137 1302 1223 1343 quae

178 1354 484 1412 quibuscunque
534 1349 752 1392 verborum
793 1343 983 1388 formulis
1026 1344 1184 1387 eluceat
1212 1377 1223 1398 ‚

178 1415 313 1467 suapte
346 1409 386 1452 vi
419 1406 628 1451 mentibus
658 1403 895 1447 dominatur
923 1433 934 1444 .
969 1404 1037 1444 Αη
1068 1401 1182 1444 enim
1209 1435 1221 1456 ,

179 1471 209 1515 si
243 1467 366 1512 fueris
396 1465 498 1509 forte
529 1463 768 1519 probaturus
781 1459 1073 1515 Sempronium
1090 1457 1221 1502 filium

177 1544 203 1573 a
234 1525 358 1570 Titio
389 1536 501 1579 patre
531 1519 768 1564 exheredari
800 1533 883 1560 non
919 1516 1021 1580 posse
1040 1548 1053 1571 ,
1087 1516 1224 1561 minus

181 1600 269 1630 rem
299 1578 639 1626 demonstraveris
665 1608 677 1631 ‚
719 1590 814 1620 cum
847 1575 1023 1637 dixeris,
1055 1589 1140 1616 non
1175 1574 1219 1618 li-

179 1658 270 1688 cere
301 1639 421 1682 Titio
456 1635 699 1681 exheredare
727 1634 1024 1688 Sempronium
1058 1632 1190 1675 filium
1212 1665 1223 1686 ,

177 1700 274 1758 quia
304 1697 414 1741 filius
443 1692 678 1738 exheredari
711 1690 791 1734 fine
826 1689 938 1733 causa
969 1704 1053 1733 non
1070 1690 1221 1742 potest:

177 1772 306 1814 quam
361 1754 386 1797 si
442 1750 675 1795 dialecticus
717 1746 986 1803 vitilitigator
1027 1746 1224 1802 effeetus,

178 1815 292 1859 hunc
325 1809 607 1867 syllogismum
640 1805 875 1851 intorseris.

240 1899 345 1944 Filii
369 1915 393 1940 a
414 1893 618 1953 patrefine
632 1892 749 1946 causa
763 1892 989 1935 exheredari
1005 1903 1222 1947 nequeunt:

239 1955 492 2012 Sempronius
521 1954 634 1995 Titio
666 1950 716 2006 cst
742 1949 881 2004 filius:

240 2015 347 2071 ,Ergo
377 2011 629 2067 Sempronius
657 2009 798 2065 nequit
826 2025 851 2051 a
881 2007 995 2050 Titio
1020 2005 1105 2060 fine
1135 2023 1226 2049 cau-

289 2072 341 2127 sa
371 2068 620 2113 exheredari.

238 2159 279 2202 O
321 2156 514 2213 frigidam
569 2154 612 2197 &
644 2150 937 2196 stomachosam
969 2156 978 2194 Β
1018 2168 1043 2194 o
1075 2164 1226 2214 vanam

179 2217 548 2271 importunamque
593 2211 812 2254 verborum
846 2208 1165 2253 circuitionem!
1200 2211 1225 2249 11

184 2276 314 2318 tribus
373 2268 588 2327 perspicuis
642 2267 811 2310 vocibus
854 2267 1069 2309 communi
1114 2279 1226 2307 more

183 2328 417 2385 compositis
446 2342 533 2371 rem
557 2323 781 2381 simplicius
798 2323 1034 2387 expedisses!
1070 2326 1129 2366 At
1144 2321 1227 2364 for-

182 2388 281 2432 tasse
315 2385 443 2429 dubiae
476 2399 534 2428 res
565 2394 686 2438 atque
718 2381 919 2437 ancipites
951 2381 1084 2423 forma
1108 2379 1229 2423 diale-

182 2446 380 2489 &icorum
415 2454 531 2487 certae
561 2440 782 2483 redduntur
809 2470 819 2482 .
857 2442 1003 2485 Itane?
1038 2438 1146 2495 quasi
1178 2453 1227 2481 ex

181 2513 528 2560 argumentorum
562 2496 694 2540 forma
714 2530 726 2552 ‚
759 2512 848 2553 quae
881 2497 999 2542 venit
1031 2497 1226 2542 extrinse-

1393 454 1537 496 Omnes
1568 452 1664 495 bello
1690 453 1802 509 'capti
1824 453 1923 507 fiunt
1948 456 2086 510 servit

1389 511 1549 553 Stichus
1579 509 1629 564 est
1662 511 1759 553 bello
1789 522 1958 567 captus:

1392 569 1494 624 Ergo
1525 568 1685 611 Stichus
1716 568 1767 625 est
1790 569 1934 625 servus
1952 603 1964 615 .

1275 665 1439 708 oportet
1481 653 1809 699 animadvertisse
1851 656 2039 701 Stichum
2089 657 2196 703 inter
2238 659 2324 703 bel-

1278 709 1315 752 lo
1359 724 1496 766 captos
1541 712 1583 755 in
1632 713 1765 768 prima
1795 715 2086 759 enunciatione
2120 716 2170 758 ab
2203 715 2324 760 indu-

1272 767 1407 811 &ione
1438 782 1554 822 orta,
1588 770 1655 812 ubi
1690 772 2002 826 comprehendit
2031 788 2176 816 omnes
2198 805 2209 826 ‚
2241 789 2320 816 an-

1275 838 1439 880 tequam
1471 827 1519 869 ad
1550 839 1785 872 extremum
1820 828 2041 886 syllogismi
2058 831 2319 885 perveniret.

1323 883 1535 940 *Quorsum
1569 885 1693 940 igitur
1723 898 1792 929 tua
1825 887 1935 941 haec,
1968 885 2066 930 felix
2082 887 2320 941 diakfflce,

1276 939 1379 984 mira
1411 940 1637 985 formarum
1671 942 1888 987 inventio:
1923 943 1996 987 nisi
2027 958 2074 988 ut
2107 944 2246 1000 plausu
2273 945 2320 987 &

1275 998 1385 1041 lucro
1418 1014 1513 1041 cum
1546 1011 1616 1042 tuo
1645 999 1964 1044 adolescentium
1998 1000 2165 1056 ingenia
2180 1001 2325 1044 miser-

1275 1057 1375 1099 rime
1398 1068 1608 1111 torqueas,
1641 1069 1760 1111 atque
1776 1074 1796 1100 a
1811 1058 2165 1114 contemplatione
2185 1072 2323 1102 rerum

1273 1113 1472 1156 abstrahas
1514 1112 1563 1155 ad
1607 1113 1804 1158 sterilium
1854 1131 2029 1159 examen
2063 1115 2317 1171 studiumque

1272 1169 1543 1213 formularum
1572 1185 1582 1211 .·
1618 1170 1722 1214 unde
1755 1171 1973 1215 assuescant
2004 1173 2213 1216 rationum
2247 1188 2313 1215 ve-

1272 1229 1437 1271 ritatem
1471 1244 1516 1270 ac
1549 1226 1795 1282 falsitatem,
1828 1245 1911 1272 non
1933 1230 2094 1286 propria
2116 1230 2323 1285 cognitio-

1273 1301 1349 1339 ne,
1381 1285 1442 1329 sed
1474 1301 1522 1328 ex
1558 1286 1780 1330 verborum
1809 1286 1904 1329 sono
1934 1304 1981 1331 ac
2021 1287 2320 1331 vocabulorum

1273 1356 1432 1387 textura
1464 1342 1720 1386 discernere?
1768 1344 1892 1387 Unde
1927 1361 2010 1388 non
2043 1345 2200 1388 mirum
2233 1376 2246 1396 ,
2291 1343 2320 1387 fi

1273 1400 1459 1455 praeclara
1490 1400 1632 1443 omnia
1666 1401 2006 1459 Philosophorum
2043 1415 2200 1456 reperta
2223 1417 2317 1456 pro-

1271 1459 1403 1510 diere,
1437 1470 1658 1513 antequam
1691 1459 1872 1515 sophistae
1903 1459 2025 1503 nostri
2060 1459 2169 1503 suam
2185 1457 2328 1515 expli-

1273 1529 1413 1560 carent
1473 1517 1835 1569 enthymematum
1893 1518 1936 1560 &
1993 1516 2324 1573 syllogismorum

1273 1574 1430 1626 aciem,
1466 1573 1582 1617 reetae
1613 1574 1786 1617 rationis
1817 1573 1886 1617 diu
1918 1574 2156 1617 viSlricem.
2190 1572 2324 1624 Cujus

1272 1631 1452 1674 <tonores
1473 1631 1726 1686 ..postquam
1761 1632 1976 1676 tendiculis
2007 1632 2092 1675 illis
2123 1630 2316 1674 homines

1273 1689 1369 1733 adse
1384 1701 1676 1732 converterunt
1690 1722 1703 1743 ‚
1735 1690 1834 1733 adeo
1848 1689 2102 1734 arefecerunt
2117 1687 2285 1744 ingenia
2305 1719 2318 1743 ,

1275 1759 1316 1791 ut
1350 1762 1433 1790 non
1466 1745 1538 1789 nisi
1566 1746 1643 1790 hoc
1669 1745 1826 1798 abje&o
1854 1747 2144 1803 praestigiarum
2169 1745 2294 1788 studio
2313 1776 2327 1800 ,

1273 1804 1321 1848 ad
1374 1805 1482 1859 spem
1515 1818 1722 1847 novorum
1755 1805 2022 1848 inventorum
2058 1803 2320 1846 redierimus.

1332 1861 1505 1906 Auferte
1537 1862 1664 1918 igitur
1679 1861 1775 1906 hinc
1791 1862 1928 1918 procul
1946 1880 1966 1905 a
1983 1863 2120 1919 legum
2139 1863 2328 1906 sanS'tita-

1273 1933 1314 1964 te
1341 1919 1649 1964 circulatoriam
1671 1934 1801 1963 artem
1819 1952 1831 1973 ‚
1851 1936 2052 1977 quamque
2067 1921 2135 1963 alii
2153 1935 2327 1973 operam

1277 1977 1482 2020 neffiendis
1515 1977 1668 2034 laqueis
1702 1991 1886 2033 ponunt,
1921 1978 2050 2021 vosin
2069 1979 2181 2022 rebus
2198 1978 2328 2021 locate

1278 2035 1539 2078 inveniundis
1593 2049 1714 2091 atque
1759 2036 1996 2091 simpliciter
2042 2036 2330 2091 exponendis,

1276 2093 1543 2147 contentique
1581 2093 1717 2149 potius
1739 2094 1861 2137 estote
1887 2093 2077 2148 loquendi
2112 2110 2223 2137 more
2255 2092 2328 2136 illo

1272 2150 1550 2193 communi&
1565 2151 1765 2204 humano,
1781 2164 1824 2195 ut
1839 2167 1922 2195 non
1943 2151 2093 2206 furere,
2109 2152 2166 2194 sed
2184 2151 2326 2205 sapere:

1276 2223 1364 2251 non,
1377 2207 1563 2251 bacchari
1581 2241 1593 2262 ,
1613 2209 1674 2252 sed
1695 2209 1822 2253 sedate
1837 2222 1957 2265 atque
1977 2208 2194 2266 tranquille
2214 2208 2329 2251 diffe-

1278 2281 1364 2309 rere
1388 2265 1434 2308 in
1460 2265 1650 2309 literariis
1677 2266 1961 2322 quaestionibus
1987 2265 2210 2310 affuescatis
2227 2297 2238 2307 .

1337 2327 1400 2367 Ac
1445 2323 1471 2365 si
1519 2339 1610 2367 vere
1645 2324 1850 2368 mentium
1886 2325 2091 2368 sobrietati
2127 2323 2287 2366 studetis
2310 2352 2324 2374 ,

1278 2379 1377 2423 illud
1421 2380 1526 2424 mihi
1573 2381 1701 2425 etiarn
1746 2395 1922 2435 cavete,
1967 2381 2073 2437 quod
2106 2380 2230 2434 vulgo
2262 2394 2325 2423 ta·

1280 2453 1376 2482 men
1421 2439 1671 2494 palmarium
1715 2439 1906 2493 dicitur3
1951 2454 2000 2481 ne
2048 2437 2202 2482 scilicet
2234 2453 2324 2480 am-

1282 2496 1387 2553 plius
1420 2496 1598 2551 urgeatis
1624 2528 1636 2547 ,
1684 2508 1803 2552 atque
1837 2495 2133 2549 interpolatum
2168 2510 2326 2551 regera-

179 2577 249 2605 cus
283 2591 295 2614 ‚
326 2573 411 2602 non
443 2573 494 2600 ex
526 2555 690 2598 interna
721 2554 916 2599 facultate
952 2555 1136 2600 hominis
1169 2569 1229 2597 res
1283 2555 1334 2597 tis
1377 2553 1417 2595 in
1467 2552 1711 2595 adversarios
1737 2584 1750 2606 ‚
1792 2554 1897 2609 quod
1943 2553 2068 2595 semel
2110 2551 2213 2596 reS'ta
2264 2567 2328 2595 re-

179 2618 281 2673 ipsas
314 2625 577 2673 permeante,
609 2623 765 2655 certum
798 2614 844 2656 de
864 2613 1229 2659 incerto'eruatur:
1285 2610 1493 2666 sponsione
1527 2609 1648 2653 fuerit
1680 2608 1889 2664 explosum
1925 2627 1934 2652 :

180 2689 329 2729 nempe
361 2688 436 2727 ope
471 2670 653 2715 sensuum
683 2701 695 2722 ‚
741 2669 782 2714 &
816 2673 1194 2725 experimentorum
1222 2704 1235 2720 ,

180 2734 223 2776 &
255 2731 477 2775 notionum
508 2740 751 2771 aeternarum
780 2760 794 2781 ,
827 2744 924 2782 quas
956 2730 1006 2772 ab
1039 2741 1131 2773 ortu
1169 2729 1235 2772 suo
1284 2726 1346 2768 sed
1404 2726 1538 2779 potius
1592 2726 1639 2768 ad
1692 2725 1803 2768 aliud
1846 2725 2062 2769 convolate
2091 2758 2102 2779 ,

1972 2626 2073 2654 neve
2105 2611 2229 2654 libeat
2260 2624 2327 2652 ar-

1280 2681 1531 2724 gumentum
1565 2667 1705 2710 sarcire
1739 2667 1911 2711 fractum
1944 2681 2064 2724 atque
2097 2667 2325 2731 detritum..

2145 2737 2333 2781 quamvis

181 2792 312 2835 secum
348 2787 479 2830 animi
509 2784 737 2828 attulerunt
768 2816 778 2826 .
825 2787 945 2840 Qiod
979 2787 1051 2830 nifi
1085 2786 1236 2829 verita·
1284 2782 1444 2825 diverso
1474 2798 1495 2825 e
1529 2784 1641 2827 fonte
1676 2783 1895 2838 petendum
1917 2816 1928 2826 .
1960 2784 2060 2827 Nec'
2083 2783 2196 2826 enim
2219 2780 2330 2839 pensi

182 2863 268 2892 tem
310 2845 420 2888 hisce
466 2842 745 2886 instrumentis
787 2842 1020 2898 adipiscaris
1049 2876 1062 2897 ,
1096 2844 1237 2887 frustra
1290 2841 1480 2883 habetote
1537 2841 1801 2896 sophistarum
1856 2842 1972 2885 usum
1999 2873 2012 2893 ,
2055 2841 2201 2896 quibus
2266 2838 2331 2890 ii,

186 2902 407 2961 syllogismi
442 2898 671 2944 adhibueris
702 2915 859 2954 opem3
892 2917 976 2944 non
1009 2903 1123 2945 enim
1140 2914 1237 2945 ante
1288 2898 1477 2940 videntur
1535 2900 1680 2942 strenui
1727 2898 1859 2955 magis
1885 2931 1900 2952 ‚
1943 2898 2010 2954 qui
2055 2898 2207 2941 diutius
2231 2929 2244 2951 ,
2287 2896 2334 2938 in

188 2961 469 3018 syllogismum
499 2958 961 3012 unquamexstruxeris‚
994 2976 1116 3016 quam
1133 2959 1236 3003 veri·
1289 2971 1371 2998 uno
1414 2957 1518 3012 quod
1552 2969 1741 3012 vocant,
1791 2955 2058 3000 concludendi
2093 2954 2227 2998 medio
2260 2953 2336 2995 fri-

187 3033 320 3066 tatem
374 3017 418 3060 in
477 3014 757 3070 syllogismum
807 3016 1096 3060 conferendam
1141 3016 1234 3060 asse-
1287 3012 1377 3068 gide
1425 3015 1718 3068 constiterint,
1751 3030 1796 3057 ac
1829 3014 2017 3069 laqueum
2052 3011 2335 3067 protenderint

190 3092 340 3136 quare.
371 3073 535 3118 Veritas
567 3072 681 3117 enim
714 3072 1028 3129 haudquaquam
1064 3091 1132 3129 per
1161 3074 1237 3118 tria
1293 3071 1523 3127 longiorem
1552 3090 1560 3115 ε
1620 3085 1664 3115 ut
1709 3088 1793 3115 non
1826 3084 1921 3114 ante
1952 3071 2135 3114 desistant
2162 3102 2173 3123 ,
2204 3083 2330 3125 quam

194 3135 267 3181 illa
321 3130 817 3196 syllogismi‘enunciata
859 3131 1128 3188 distrahitur:
1175 3133 1234 3178 sed
1289 3131 1512 3188 digitorum
1558 3131 1805 3188 percussione
1838 3161 1852 3184 ‚
1903 3144 2024 3186 atque
2070 3130 2200 3173 etiam
2245 3127 2330 3190 cla-

2179 3201 2311 3229 mirt-
