2451 3470
571 124 1676 189 ORATIONES.

66 205 168 250 sibus
196 202 464 257 habitabant,
495 204 540 247 ad
573 207 782 248 Socratem
816 202 935 258 usque
949 217 993 244 ac
1009 200 1098 243 Pla·
1150 204 1262 247 hunc
1316 198 1545 257 disputandi
1579 200 1771 243 morbum
1806 198 1848 242 in
1882 197 2021 256 legum
2052 201 2206 248 doetri-

2145 142 2222 197 97

66 275 234 306 tonem:
268 278 290 304 a
322 277 495 316 quorum
530 262 737 318 praeceptis
757 261 803 303 ad
819 258 1099 313 aulicasatque
1155 277 1249 304 nam
1283 273 1358 315 per
1387 258 1566 302 dimissos
1596 258 1646 300 ab
1680 258 1713 300 se
1741 259 1933 300 invexere
1960 259 2203 316 discipulos,

66 320 301 364 ambitiosas
331 318 553 362 concessere
589 319 956 373 Peripateticorum
993 316 1097 357 scho—

67 377 124 421 las
155 394 164 419 ;

66 450 160 479 rum
194 434 353 477 laudem
386 448 504 490 atque
539 432 775 488 popularem
808 444 985 483 gratiam
1011 444 1097 483 prae-

69 504 263 547 optarunt
303 506 311 532 .-
355 490 398 533 &
445 506 534 546 quae
577 491 688 546 prius
729 488 833 533 veris
876 486 1110 548 notionibus

69 551 231 592 animos
263 549 500 591 imbuebant
531 579 542 599 ‚
592 546 806 589 ambitioso
839 544 922 601 post
953 558 1100 604 acumi-

71 621 121 649 ne
156 606 380 649 vanitatem
415 617 626 647 armarunt
661 620 670 644 :
706 616 749 645 ut
784 618 867 644 non
901 615 985 644 tam
1022 600 1111 642 loli-

72 664 174 706 ditas
224 663 468 713 rationum,
517 676 640 715 quam
687 658 899 702 theatralis
928 657 1110 713 quaedam

73 718 271 764 subtilitas
319 719 363 761 &
406 718 636 770 vulgarium
671 717 962 759 sententiarum
994 713 1110 757 obsti-

73 778 188 820 natio
222 776 263 819 in
299 774 475 818 scientiis
506 774 764 816 laudaretur.

134 831 329 877 ExtinS‘ta
361 830 504 872 deinde
536 845 631 872 cum
663 830 767 884 apud
799 831 993 882 Graecos,
1024 839 1115 871 tum

74 891 179 946 apud
223 890 388 932 Latinos
430 887 664 942 eloquentia
691 918 703 939 ,
747 886 939 930 doetrinae
973 917 985 937 ‚
1032 900 1119 941 quae

76 964 98 991 a
116 945 259 989 scholis
273 945 513 987 Graecorum
530 945 575 986 ad
594 944 749 987 Arabas
763 945 992 999 migrarunt
1007 973 1019 995 ,
1035 957 1118 984 non

79 1004 209 1048 solum
227 1000 436 1053 veritatis,
470 1016 610 1043 verum
627 1002 751 1044 etiam
776 1000 972 1044 sermonis
987 1015 1031 1042 ac
1046 999 1121 1041 dis-

78 1059 305 1116 putationis
330 1058 497 1100 amisere
514 1058 695 1110 laudemss
730 1058 803 1100 &a
821 1071 1018 1113 perpetuae
1031 1073 1119 1099 ora-

78 1119 206 1162 tionis
237 1117 415 1158 ubertate
444 1129 561 1171 atque
590 1114 731 1169 cultu,
762 1117 1122 1169 enthymematum

79 1175 121 1218 ἃ
157 1173 482 1228 syllogismorum
519 1172 684 1215 salebras
717 1173 984 1216 transierunt'¹

139 1232 204 1273 Ad
237 1231 411 1273 alterum
443 1245 567 1285 genus
599 1229 874 1273 doctrinarum
903 1262 915 1282 ‚
958 1227 1023 1271 ubi
1059 1226 1124 1269 sae-

79 1287 185 1344 pius.
214 1287 516 1340 contemplatio
560 1287 846 1341 disputationis
899 1288 1012 1330 causa
1067 1285 1126 1327 su·

83 1345 250 1400 scipitur
285 1376 297 1398 ,
340 1344 420 1398 ipsa
483 1344 659 1399 pertinet
715 1344 947 1402 eloquentia
981 1375 992 1396 ,
1040 1356 1127 1398 quae

88 1402 269 1446 scientiis
317 1401 406 1444 aliis
439 1402 561 1444 verba
596 1401 815 1457 suppeditat
848 1436 859 1456 ,
905 1403 948 1444 &
981 1401 1127 1442 huma-

86 1461 222 1502 niores
251 1473 394 1501 omnes
427 1457 550 1501 literae
578 1474 587 1499 τ
636 1460 820 1515 interque
851 1459 992 1502 civiles
1025 1470 1129 1500 artes

86 1516 220 1558 nostra
254 1515 503 1569 potissimum
537 1514 875 1570 jurisprudentia,
907 1531 995 1572 quae
1026 1515 1129 1557 reete

87 1573 278 1628 cogitatis
320 1572 363 1615 ὃς
412 1572 516 1615 τεξὶε
550 1573 693 1616 itidem
721 1574 978 1629 disputatatis
1009 1571 1134 1614 alitur

87 1643 206 1685 atque
233 1628 446 1672 coalescit.
479 1631 579 1684 Quae
595 1630 684 1674 sane
699 1630 1007 1686 jurisprudentia
1026 1661 1036 1681 ,
1063 1629 1130 1671 flo-

91 1698 206 1731 rente
240 1686 490 1741 Republica,
522 1701 640 1743 atque
672 1689 798 1731 etiarn
824 1689 1132 1742 sublmperato-

87 1744 233 1797 ribus,
279 1745 439 1800 quando
484 1745 684 1788 barbaries
731 1747 916 1789 nondum
953 1744 1135 1787 scientias

89 1814 331 1856 operuerat,
366 1817 459 1844 curn
495 1801 694 1845 soliditate
728 1799 968 1854 rationum-⁶,
1002 1801 1136 1857 dispu—

89 1857 204 1902 tandi
238 1874 398 1914 quoque
432 1874 623 1902 normam
657 1860 841 1904 trahebat
874 1877 894 1902 a
929 1858 1135 1914 scriptori-

94 1917 167 1958 bus
201 1914 285 1959 illis
321 1916 544 1970 veteribus,
578 1917 647 1972 qui
680 1918 836 1974 optime
851 1919 901 1960 ab
916 1918 1138 1961 seinventa

91 1973 207 2028 gravi
239 1974 521 2029 concinnaque
554 1975 739 2019 oratione
776 1975 1058 2030 proferebant.

151 2030 310 2073 Verum
341 2031 480 2075 eadem
513 2032 713 2077 bonarum
743 2033 896 2076 artium
926 2035 974 2074 ab
991 2029 1141 2074 Arabis

92 2099 182 2130 orta
218 2086 301 2130 lues
333 2089 496 2132 tandem
528 2090 571 2148 ὃς
600 2088 957 2145 jurisprudentiam
986 2088 1140 2140 hausit,

96 2159 268 2200 eamque
301 2145 477 2197 conjecit
512 2146 554 2189 in
592 2148 765 2191 vortices
790 2146 1100 2191 dialefficorum
1128 2161 1137 2186 :

98 2203 167 2258 qui
217 2203 465 2247 attriverunt
510 2205 768 2247 acuminibus
812 2206 1025 2248 veritatem
1052 2234 1063 2255 ,
1099 2201 1144 2244 &

101 2257 330 2303 scholarum
378 2260 498 2316 spinis
541 2261 683 2305 lumen
727 2278 862 2305 rerum
906 2274 1024 2316 atque
1059 2273 1128 2315 per

103 2317 357 2373 spicuitatem
393 2318 686 2362 sententiarum
719 2332 1042 2374 praetexuerunt.

160 2377 298 2432 Atque
332 2375 437 2418 hanc
470 2392 491 2419 a
526 2376 774 2419 naturalibus
788 2377 952 2432 quidem
972 2372 1146 2418 scientiis

100 2431 266 2486 pestem,
284 2433 544 2488 rixarumque
558 2433 788 2478 vecordiam
808 2431 1146 2488 Philosophorum

101 2489 244 2532 nostris
293 2492 550 2545 temporibus
594 2490 636 2533 in
670 2490 795 2534 Italia
827 2522 838 2543 ‚
884 2489 1111 2534 Germania
1135 2520 1148 2543 ,

102 2546 244 2590 Gallia
271 2579 283 2601 ,
315 2549 530 2591 Britannia
563 2547 873 2602 praestantissimi
905 2562 1148 2590 averrunca-

102 2618 264 2659 runt‚ac
281 2605 487 2659 pristinam
504 2621 742 2649 revocavere
762 2605 982 2648 studiorum
1005 2604 1145 2648 severi-

103 2673 248 2714 tatem,
273 2662 503 2718 sacrumque
521 2663 620 2706 illud
637 2663 830 2718 repetiere
848 2661 1054 2706 silentium
1075 2677 1147 2705 no-

106 2733 254 2762 vorum
272 2719 535 2762 inventorum
555 2732 668 2763 aetate
685 2720 814 2762 nostra
829 2718 1118 2762 feraeiffimum
1141 2750 1151 2762 .

165 2777 325 2820 Verum
369 2789 520 2832 quanta
552 2776 774 2821 dialeS’cicae
807 2777 1000 2833 ipsiusque
1035 2792 1152 2820 men·

108 2833 163 2878 tis
207 2833 398 2877 humanae
449 2846 703 2887 corruptores
749 2835 792 2877 in
828 2833 1003 2878 scientiis
1036 2846 1152 2878 natu-

109 2891 261 2935 ralibus
293 2903 462 2948 peccent
494 2922 502 2936 ,
535 2890 729 2945 quibusve
761 2891 1026 2935 contumeliis
1058 2892 1151 2936 Phi-

110 2948 338 3003 losophiam
373 2949 549 2992 afficiant
576 2979 588 2999 ‚
623 2942 728 2990 nihil
761 2947 852 2991 sane
886 2948 1004 2991 refert
1037 2965 1153 2993 mea.

113 3007 222 3050 Illud
272 3019 409 3051 tamen
454 3007 627 3050 tacitum
671 3020 694 3047 a
739 3020 805 3046 me
835 3018 941 3052 certe
974 3021 1055 3049 non
1089 3020 1155 3050 tu-

115 3063 238 3107 lerint
266 3095 278 3117 ,
312 3080 361 3107 ne
394 3063 600 3107 inutiliter
632 3061 703 3104 sim
735 3061 923 3104 docendae
953 3075 1071 3118 atque
1087 3079 1155 3105 cu—

113 3121 326 3166 stodiendae
381 3119 697 3176 jurisprudentiae
759 3118 954 3176 susceptus
991 3120 1157 3176 ,quod

228 3178 332 3235 Jam'
359 3179 570 3224 Gravinae.
601 3179 716 3220 Tom.
749 3177 805 3219 ΙΙ.

1205 3012 1310 3055 forte

1177 3045 1256 3245 ltis
1279 3100 1290 3121 ‚
1322 3084 1494 3125 eamque
1526 3072 1756 3127 disputandi
1793 3071 1995 3114 rationem
2029 3063 2249 3110 institueri-

1160 319 1220 373 qui
1251 350 1263 371 ‚
1307 331 1381 376 pro
1413 315 1570 360 Graecis
1603 316 1645 358 8<
1678 315 1835 362 Latinis
1867 315 1998 358 literis
2030 318 2200 361 notitia-

201 377 266 419 ubi
294 408 306 428 ,
338 376 515 431 deposito
547 376 729 420 veritatis
760 387 929 435 amore,
964 373 1102 414 verbo·
1155 391 1230 430 que
1265 375 1550 425 historiarum,
1580 372 1788 428 captiones
1820 373 1863 417 ὃς
1887 371 2201 420 conclusiuncu-

1159 432 1212 473 las
1242 433 1289 475 ad
1322 431 1494 480 studium
1526 429 1626 482 juris
1650 430 1785 474 civilis
1816 432 2030 475 afferentes
2067 462 2080 485 ‚
2131 450 2204 490 pe-

1159 489 1271 532 rinde
1303 503 1546 546 argutantur
1575 488 1617 531 in
1652 487 1808 545 legibus
1828 522 1842 544 ‚⁵
1872 503 1993 546 atque
2025 489 2075 532 ab
2110 490 2202 534 ine-

1159 559 1255 589 unte
1286 547 1478 592 aetate‘in
1502 544 1679 591 scientiis
1692 546 1782 590 aliis
1803 548 2046 592 consuevere
2064 578 2074 588 .
2107 550 2213 603 Quae

1160 603 1304 649 sterilis
1336 619 1456 661 atque
1490 605 1672 658 perversa
1705 604 1913 650 disserendi
1946 603 2077 658 ratio,
2109 621 2210 654 cum

1163 661 1309 716 ubique
1342 663 1389 706 fit
1423 662 1573 715 noxia,
1608 662 1808 719 nusquam
1841 675 1979 707 tamen
1995 661 2207 707 exitiosior

1138 719 1214 760 est
1257 750 1269 771 ‚
1313 735 1437 775 quam
1471 719 1513 760 in
1545 718 1688 761 divino
1721 720 1983 777 humanoque
2016 719 2126 771 iure.
2161 722 2214 765 In

1164 775 1244 820 illis
1275 779 1389 820 enim
1423 775 1600 820 scientiis
1621 807 1633 828 ‚
1665 792 1753 831 quae
1787 777 1866 822 sola
1897 777 2217 834 contemplatio-

1168 848 1217 876 ne
1250 832 1541 886 absolvuntur,
1575 832 1670 876 falsa
1704 834 1806 878 ratio
1839 836 1950 879 suum
1988 850 2071 878 non
2098 850 2215 889 egre-

1165 890 1272 933 ditur
1303 891 1445 934 orbem
1473 906 1482 931 :
1517 903 1558 933 at
1589 906 1700 934 error
1722 923 1733 944 ,
1766 908 1788 935 a
1821 906 1959 937 mente
1991 892 2034 936 in
2067 893 2212 941 divino

1167 947 1430 1006 humanoque
1461 947 1543 1000 iure
1576 961 1793 1003 conceptus
1814 982 1826 1003 ‚
1858 950 2096 1007 plerumque
2123 951 2215 1006 opi-

1169 1006 1310 1048 niones
1341 1006 1446 1060 parit
1472 1036 1485 1058 ‚
1527 1020 1614 1060 quae
1646 1005 1707 1048 vel
1742 1008 1902 1050 animos
1933 1040 1944 1062 ,
1992 1007 2054 1051 vel
2090 1008 2219 1063 patri-

1169 1062 1311 1105 monia
1344 1062 1620 1117 pessumdant.
1651 1063 1776 1106 Unde
1810 1065 1915 1107 nihil
1942 1065 2073 1121 magis
2098 1064 2217 1116 juris·

1169 1118 1353 1162 consulto
1402 1119 1664 1163 necessarium
1691 1151 1702 1172 ‚
1747 1135 1870 1175 quam
1905 1122 2010 1164 re&a
2042 1122 2086 1164 δι
2119 1122 2214 1167 sana

1171 1177 1425 1233 minimeque
1458 1176 1582 1220 fallax
1608 1192 1752 1219 norma
1767 1178 1973 1222 disserendi
1993 1195 2006 1219 :
2042 1195 2113 1234 pro
2132 1195 2212 1235 qua

1173 1234 1197 1276 si
1232 1233 1495 1289 perplexandi
1530 1249 1688 1277 morem
1719 1235 1937 1292 arripuerit
1970 1236 2033 1281 sua
2067 1235 2222 1280 falsita-

1174 1302 1212 1333 te
1245 1290 1381 1340 judicii
1415 1290 1584 1335 civilem
1615 1306 1776 1346 quoque
1809 1293 1956 1335 statum
1991 1324 2003 1345 ,
2053 1293 2096 1337 &
2127 1309 2224 1349 opes

1174 1360 1293 1404 atque
1344 1347 1528 1393 fortunas
1571 1349 1745 1392 aliorum
1789 1362 1982 1393 evertet.
2025 1349 2224 1393 -Affuetus

1175 1408 1287 1449 enim
1323 1405 1427 1449 falsis
1460 1406 1714 1458 rationibus,
1745 1407 1817 1450 etsi
1849 1407 2221 1451 alteriusirretien-

1178 1464 1218 1507 di
1264 1464 1447 1507 maxime
1478 1464 1625 1508 calleat
1657 1470 1786 1509 artem
1815 1496 1826 1517 ‚
1870 1464 2129 1510 desuetudine
2162 1477 2224 1506 ta-

1181 1536 1277 1565 men
1310 1521 1495 1565 veritatis
1529 1523 1640 1565 viam
1674 1537 1884 1577 nunquam
1920 1522 2081 1565 noverit
2100 1521 2233 1576 expli*

1182 1578 1299 1622 candi
1335 1578 1389 1621 sui
1412 1611 1424 1632 ‚
1457 1595 1532 1623 nec
1565 1578 1639 1622 nisi
1674 1579 1843 1623 fortuito
1860 1578 2080 1634 justiatque
2101 1578 2235 1630 injusti

1181 1636 1399 1679 discrimen
1432 1636 1670 1690 invenerit,
1705 1650 1748 1679 ut
1783 1636 1819 1680 ei
1854 1649 1938 1679 tota
1958 1637 2041 1678 vita
2065 1636 2234 1680 sitinter

1186 1693 1318 1736 larvas
1350 1693 1396 1736 in
1429 1695 1669 1738 umbrarum
1707 1693 1847 1749 praelio
1881 1693 2200 1738 confliehndum
2230 1725 2241 1735 ο

1243 1753 1334 1794 Hos
1364 1767 1439 1805 ego
1470 1750 1632 1803 justitiae
1668 1751 1847 1805 scopulos
1878 1784 1889 1805 ,
1920 1751 1962 1795 ἃ
1994 1750 2239 1794 offendicula

1189 1808 1358 1851 rationis
1393 1809 1618 1863 humanae,
1650 1823 1851 1866 quantum
1886 1809 2131 1852 contendere
2166 1824 2239 1850 vo-

1187 1882 1232 1911 ce
1267 1878 1389 1923 atque
1422 1868 1590 1924 ingenio
1623 1866 1776 1922 possum
1812 1899 1823 1920 ‚
1866 1866 2044 1910 conabor
2075 1866 2242 1908 abrum-

1196 1939 1320 1980 pere3
1351 1924 1530 1968 indicata
1565 1925 1742 1969 breviter
1774 1924 1937 1968 honesta
1969 1923 2040 1967 illa
2072 1924 2245 1967 &vere-

1165 1981 1322 2024 .'cunda
1350 2014 1362 2036 ‚
1413 1983 1670 2039 minimeque
1700 1982 1903 2038 pervicaci
1939 1996 2083 2025 norma
2113 1980 2247 2034 dispu-

1195 2039 1333 2092 tandi,
1366 2055 1443 2095 qua
1477 2056 1649 2092 majores
1680 2039 1784 2082 olim
1820 2039 1943 2081 nostri
1976 2050 2070 2080 ante
2088 2037 2242 2080 Arabas

1197 2096 1413 2139 utebantur
1441 2114 1449 2138 :
1485 2113 1572 2154 quae
1604 2095 1718 2141 ficuti
1751 2109 1892 2140 contra
1926 2094 2145 2138 falsitatem
2178 2093 2243 2136 in·

1191 2154 1359 2209 genium
1404 2155 1567 2198 exacuit
1591 2187 1602 2206 ,
1657 2155 1714 2197 ita
1749 2153 1850 2196 illud
1885 2151 2039 2204 subjicit
2072 2151 2246 2205 imperio

1192 2209 1412 2253 veritatis:
1465 2225 1607 2255 contra
1638 2226 1762 2269 quam
1795 2210 1978 2254 dicacula
2011 2208 2080 2251 illa
2111 2209 2153 2251 ὅ(
2186 2223 2248 2250 ar-

1193 2267 1371 2322 gutatrix
1404 2268 1616 2313 dialeRica
1653 2268 1833 2324 vulgaris
1866 2280 1971 2310 totos
2003 2267 2083 2309 dies
2106 2266 2247 2320 impu·

1194 2324 1423 2368 deotissime
1458 2326 1580 2370 latrat
1614 2327 1695 2381 ipsa
1724 2357 1736 2378 ‚
1786 2325 1830 2369 8<
1864 2325 2007 2367 latrare
2038 2322 2242 2365 doS'trinas

1199 2438 1345 2482 foedius
1393 2442 1623 2496 corrumpit
1654 2474 1665 2494 ‚
1714 2440 1821 2496 quod
1859 2455 1948 2492 raon
1984 2438 2113 2480 solum
2145 2436 2252 2479 falsis

1200 2497 1456 2551 rationibus,
1489 2498 1549 2541 sed
1583 2499 1706 2542 etiam
1740 2496 1896 2548 injustis
1926 2496 2107 2540 laudibus
2123 2509 2189 2537 eos
2203 2493 2252 2536 ad

1203 2554 1427 2610 superbiam
1461 2556 1627 2600 adducit
1651 2554 2051 2612 atquejaf‘tantiam‚
2085 2553 2255 2614 ingene·

1203 2624 1341 2666 ratque
1373 2611 1528 2656 animis
1559 2630 1640 2659 una
1674 2628 1771 2657 cum
1803 2623 2019 2656 contemtu
2047 2609 2259 2652 severioris

1198 2682 1317 2725 atque
1334 2669 1585 2715 modestioris
1617 2669 1811 2714 dotti-inae
1842 2684 2026 2713 amorem
2049 2666 2253 2723 popularis

1199 2741 1305 2769 aurae
1338 2759 1350 2779 ‚
1382 2743 1504 2783 quam
1539 2745 1560 2772 a
1593 2729 1747 2772 teneris
1779 2728 1898 2770 annis
1932 2727 1977 2769 in
2012 2740 2163 2768 corona
2194 2723 2255 2766 so-

1162 2038 1300 2786 iaeaas
1332 2383 1451 2425 docet
1476 2416 1485 2426 .
1520 2386 1624 2439 Quae.
1657 2396 1818 2428 mentes
1851 2381 2168 2426 adolescentium
2200 2396 2249 2423 eo

1176 2783 1428 2844 lphistarum
1462 2785 1630 2840 fingulis
1663 2785 1801 2829 diebus
1833 2797 2114 2840 aucupantur.

1263 2842 1353 2883 Vos
1399 2858 1494 2886 vero
1520 2875 1532 2896 ‚
1577 2843 1646 2900 qui
1681 2844 1727 2886 ad
1760 2843 1921 2895 justitiae
1951 2840 2124 2884 studium
2158 2851 2255 2880 con·

1205 2897 1407 2952 venistis,
1457 2900 1733 2945 adolescentes
1764 2933 1777 2953 ‚
1828 2899 1985 2942 nullam
2033 2897 2141 2939 illius
2188 2908 2255 2937 co-

1202 2955 1438 3011 gnoscendae
1473 2957 1581 3010 spem
1615 2959 1809 3001 habetote
1849 2988 1862 3010 ‚
1894 2955 1967 2998 nisi
2000 2954 2143 2996 allatas
2176 2951 2255 2993 hnc

1381 3014 1629 3070 muscipulas
1695 3014 2006 3058 dialefflcorum
2061 3009 2254 3059 abjeceri-

1207 3125 1295 3179 tis,
1340 3141 1441 3181 quaess
1483 3127 1596 3173 sicuti
1665 3143 1882 3184 nunquam
1944 3123 2156 3178 retegenda
2215 3121 2257 3162 ἃ

1798 3185 1843 3226 N
2169 3193 2259 3234 pro-
