2451 3470
467 72 850 129 LlssER
931 61 1785 132 SING'ULARIS.

245 212 286 256 c
346 209 385 253 A
448 208 478 251 P
534 207 580 248 U
639 204 682 246 T
804 200 969 244 XXXI.

206 325 335 379 Quale
361 320 489 377 fuerit
521 318 732 376 Imperium
764 313 986 369 Caesarum.

205 439 273 480 On
306 435 420 479 enim
436 434 560 478 aliam
593 431 677 485 (¹⁶)
709 430 805 473 tulit
821 440 1011 490 naturam
1029 426 1112 466 Im-

225 494 384 548 perium
432 492 639 535 Caesarum
682 488 733 530 ab
768 488 960 540 Imperiis
987 515 1000 537 ,
1031 495 1129 536 quaev

73 563 169 595 ante
202 551 412 593 Caesarum
444 546 728 606 creationem?
761 556 856 586 cum
887 555 948 584 res
982 539 1118 601 posce-

76 621 138 651 ret
167 622 281 653 extra
313 606 500 649 ordinem
523 633 535 655 ‚
569 600 630 644 vel
665 611 852 660 privato,
886 596 949 640 vel
986 611 1121 659 magi-

74 664 103 706 st
126 665 212 706 atui
242 663 578 705 decernerentur:
614 656 735 710 quale
768 654 1118 717 furtImperiu1n,

75 720 182 775 quod
213 736 235 763 a
269 717 419 773 populo
452 713 653 768 Augustus
683 725 874 773 omnium
905 709 1111 771 Caesarum

73 776 214 819 auctor
242 773 285 816 δε
312 784 479 824 parens,
513 769 646 823 primo
679 767 725 809 ad
759 781 1118 829 quinquenni-um,

76 847 127 875 ne
171 832 214 874 in
262 826 529 881 suscipionssm
562 824 695 878 Regni
728 839 822 886 curn
854 823 943 865 aliis
975 834 1116 865 trium-

82 887 179 930 viris
211 884 395 936 veniret3
425 883 510 933 (a)
543 882 672 936 postea
703 880 861 943 decimo
875 895 1033 934 quoque
1047 894 1117 921 an-

78 959 134 986 no
166 939 357 997 pacandis
389 936 612 994 provinciis
642 936 867 999 accipiebat
894 935 1120 999 „quodque

81 1014 153 1055 per
183 998 355 1042 eandem
387 995 548 1039 causam
582 994 650 1036 fibi
683 1005 766 1056 tota
800 1003 883 1036 vita
904 1003 1119 1036 continua-

81 1068 172 1099 tum
219 1052 412 1110 patefecit
456 1050 650 1107 posteris:
695 1065 764 1106 qut
799 1065 848 1112 ne
881 1048 969 1105 plus
998 1065 1122 1113 quam

85 1112 292 1167 Augustus
334 1110 403 1153 sibi
436 1109 668 1152 viderentur
698 1106 927 1170 adrogare,
959 1119 1123 1150 retentis

87 1169 191 1213 ludis
210 1165 498 1211 decennalibus
514 1196 525 1216 ‚
560 1163 728 1220 Imperii
744 1177 1032 1218 repetitionem
1054 1179 1122 1218 per

83 1239 319 1280 temporum
352 1221 571 1266 intervalla
602 1220 847 1264 simulabant
881 1252 893 1274 ‚
928 1232 972 1263 ut
1009 1220 1134 1283 supra,

79 1282 425 1339 fignificavimus.
457 1278 586 1331 Cujus
620 1275 1124 1342 Imperii-exemplajam-

78 1341 149 1382 diu
191 1353 285 1381 ante
332 1337 451 1390 Resp.
500 1337 660 1379 dederat
703 1334 915 1390 plurima3
957 1346 1046 1378 tum
1078 1351 1121 1378 in

81 1396 201 1450 ipsius
242 1393 460 1437 Oeiaviani
495 1392 661 1447 persona
690 1423 703 1445 ‚
734 1406 856 1448 quem
888 1403 1029 1447 utpote
1057 1391 1140 1435 ad„

81 1453 248 1495 modum
296 1449 592 1493 adolescentem
641 1447 795 1504 legibus
827 1465 848 1491 a
881 1448 1031 1504 populo
1066 1450 1123 1493 so-

80 1509 215 1551 lutum
247 1508 442 1559 Senatus,
477 1522 526 1549 ex
544 1506 739 1549 sententia
754 1505 994 1559 Ciceronis,
1029 1507 1123 1550 Pro-

83 1577 253 1620 pra'tore
285 1563 392 1606 mifit
420 1594 431 1617 ‚
464 1563 506 1606 &
541 1565 838 1618 Imperatorem
872 1563 1025 1607 creavit
1056 1564 1124 1607 ad-

81 1621 212 1664 versus
241 1620 507 1673 Antonium3
539 1632 627 1663 tum
655 1621 697 1663 in
727 1618 891 1673 persona
904 1620 1124 1682 Cn.Pom·

85 1677 162 1732 peji
194 1678 241 1721 ad
275 1677 430 1720 bellum
465 1678 781 1720 Senatorianum
811 1676 1123 1741 &piraticum‚

84 1735 127 1778 δί
171 1735 226 1777 rei
260 1733 537 1777 frumentariae
568 1734 682 1776 causa
718 1733 969 1777 proconsulis
997 1753 1011 1788 ·‚
1041 1738 1126 1788 (b)

88 1791 271 1846 itemque
315 1791 410 1841 Caii
453 1790 620 1832 Caesaris
661 1791 707 1833 ad
741 1790 979 1846 Gallicum,
1009 1793 1051 1835 ἃ
1086 1794 1125 1835 Ρ.

83 1848 289 1902 Scipionis
335 1849 383 1890 ad
415 1847 686 1902 Hispanicum
720 1880 732 1901 ‚
762 1846 804 1890 ἃ
836 1847 1012 1894 aliorum
1049 1849 1124 1894 sive

89 1905 395 1960 magistratuum
415 1935 427 1956 ‚
458 1904 535 1947 five
556 1905 810 1959 privatorum
834 1920 845 1956 3
880 1907 1023 1961 quibus
1045 1924 1125 1950 ma.

86 1960 274 2017 gistratus
303 1961 622 2016 adjungebatur,
656 1961 750 2016 quia
774 1964 941 2017 Imperii
959 1963 1040 2016 jure
1057 1981 1124 2019 po-

87 2018 269 2060 testatem
303 2032 462 2063 tantum
485 2018 739 2071 accipiebant
761 2019 802 2061 in
827 2019 980 2064 milites
1001 2022 1120 2064 sacra-

84 2088 226 2116 mento
242 2074 308 2116 fibi
322 2075 522 2117 obnoxios
539 2090 549 2126 3
570 2077 626 2126 (c)
641 2074 723 2126 jure
739 2091 836 2119 vero
853 2078 1128 2134 magistratus,

84 2133 128 2173 ὃς
148 2130 418 2185 appellatione
440 2131 517 2176 sive
541 2132 793 2175 proconsulis
811 2164 823 2186 ‚
851 2133 928 2179 five
952 2137 1123 2191 Proprae·

85 2186 184 2230 toris
218 2188 452 2241 potestatem
483 2189 739 2243 accipiebant
771 2189 937 2246 inipsos
959 2193 1125 2248 provin-

83 2244 206 2288 ciales
226 2245 267 2287 δί
292 2244 549 2298 Provinciam,
573 2261 641 2300 per
659 2261 757 2301 quas
772 2278 784 2299 ‚
804 2261 872 2290 aut
892 2248 932 2291 in
949 2253 1127 2306 quasdu-

87 2312 227 2345 cerent
254 2302 479 2352 exercitus,
510 2303 556 2343 ad
579 2302 756 2346 militare
780 2305 1007 2359 Imperium
1031 2309 1126 2353 faci-

89 2357 207 2401 cilius
226 2359 519 2411 expediendum
536 2390 545 2400 .
565 2360 675 2402 Cum
697 2373 832 2403 autern
854 2362 956 2406 olim
973 2366 1125 2411 milita-

86 2414 139 2457 ris
156 2446 168 2467 ‚
201 2415 242 2457 ἃ
278 2415 573 2458 Proconsularis
595 2417 760 2470 Imperii
784 2431 945 2463 tantum
966 2423 1125 2483 portio,

87 2485 197 2525 aeque
227 2471 274 2514 ad
319 2485 476 2527 ternpus
505 2473 621 2516 certis
651 2475 804 2518 civibus
837 2478 1124 2540 mandaretur3

93 2527 314 2572 Caesaribus
363 2528 557 2572 institutis
604 2531 854 2576 tribuebatur
897 2536 1080 2582 universa
1113 2577 1126 2598 ‚

89 2583 132 2625 δι
176 2584 336 2628 infinita
381 2602 450 2641 per
485 2590 746 2642 Imperatoris
778 2605 931 2635 nomeu
962 2594 1006 2638 ὃς
1045 2599 1120 2642 Im-

91 2640 249 2695 perium
300 2643 585 2688 proconsulare
619 2677 630 2698 ‚
677 2646 782 2700 quod
828 2661 872 2690 ut
906 2664 950 2694 ut
983 2668 1117 2698 recen-

90 2696 262 2741 tioribus
306 2702 556 2755 temporibus
597 2701 641 2745 in
688 2705 986 2759 Imperatorem
1012 2743 1025 2767 ‚
1068 2728 1128 2760 ta-

87 2855 306 2866 ——-.———

424 2859 648 2871 --.--..,
658 2863 1036 2882 --.--------

133 2884 218 2925 (⁴⁸)
259 2889 356 2927 Ima,
396 2888 470 2930 quis
509 2888 618 2921 credat
636 2912 646 2927 ‚
676 2894 942 2935 Imperatorum,
968 2911 1125 2942 occupata

92 2930 276 2971 Republica
303 2944 368 2966 non
394 2934 493 2965 aliam
521 2956 531 2969 ,
558 2943 656 2974 quam
684 2935 787 2969 libera
813 2951 848 2970 ea.
873 2940 962 2976 tuisse
987 2948 1125 2982 potesta„

87 2981 158 3006 tem
191 2997 202 3014 ‚
240 2985 314 3009 cum
343 2978 385 3011 iis
408 2985 461 3010 tot
483 2979 613 3016 egregia
640 2977 708 3013 iura
737 2981 802 3021 ipsa
829 2984 905 3025 lege·
928 2990 1023 3029 Regia
1049 3003 1118 3026 con.

87 3017 195 3058 celsa,
223 3021 365 3063 legamus
391 3045 400 3053 .
437 3026 537 3054 Porro
563 3031 633 3063 quae
660 3022 699 3054 de
724 3025 853 3060 finanus
879 3028 1122 3078 dignitatibus,

90 3065 354 3104 Imperator-ibus
382 3090 391 3103 ,
432 3065 563 3110 lingulis
602 3067 726 3107 legibus
764 3074 941 3108 Senatusve
966 3079 1124 3114 connatis

86 3106 206 3144 delatis
235 3133 248 3154 ,
287 3112 444 3149 dicuntur
468 3113 549 3150 talia
574 3111 673 3154 sunt,
700 3123 735 3149 ut
759 3114 823 3158 ipse
853 3120 1001 3155 Gravina
1023 3134 1125 3166 agno.

2144 109 2205 161 31

1163 145 1248 190 cito
1280 146 1421 203 populi
1453 147 1643 193 consensu
1678 150 1810 197 forsan
1828 158 2055 216 transierit,
2086 169 2210 221 quip-

1165 218 1211 258 pe
1242 203 1340 260 quia
1372 203 1452 248 fine
1484 203 1559 247 illo
1589 206 1766 252 minime
1799 224 1986 266 poterant
2019 220 2210 274 Impera-

1165 274 1269 305 tores
1310 260 1516 317 explicare
1548 263 1780 317 Imperium
1815 267 1914 313 illud
1946 272 2126 318 militare
2158 295 2208 321 ac

1166 317 1320 361 bellum
1354 320 1502 375 ubique
1533 318 1814 367 administrare
1839 355 1852 376 ,
1884 330 2078 384 cogendis
2110 333 2208 376 Pro-

1167 373 1408 419 vincialibus
1431 408 1442 430 ‚
1475 376 1854 437 conscribendisque
1887 386 2095 431 militibus
2121 420 2134 442 ‚
2165 390 2210 434 &

1167 431 1349 485 pecuniis
1378 435 1426 476 ad
1457 433 1652 489 stipendia
1685 437 1965 496 imperandis3
1998 443 2119 487 initio
2153 460 2214 489 ta-

1166 504 1262 531 men
1307 505 1392 532 non
1441 491 1679 537 nominibus
1719 505 1882 542 tantum
1911 530 1924 551 ,
1973 499 2034 543 sed
2082 502 2215 547 etiam

1168 546 1420 599 temporibus
1444 548 1672 605 aeribusque
1696 553 2042 610 distinguebatur,
2076 573 2149 602 nec
2167 560 2215 602 fi<-

1170 603 1253 644 mul
1288 618 1383 646 cum
1418 605 1599 659 Imperio
1629 607 1801 655 militari
1825 613 2212 659 Proconsularetra-

1167 659 1367 710 debatur3
1412 676 1461 703 ne
1505 661 1533 704 sl
1576 665 1925 713 confunderentur
1948 702 1959 724 ‚
1991 671 2216 716 obsolesce-

1171 727 1228 758 ret
1259 716 1429 778 Senatus
1460 719 1701 764 annositas:
1735 740 1823 780 quae
1856 726 1963 771 binis
1986 729 2211 774 deferendis

1172 774 1362 826 Imperiis
1405 775 1576 827 repetita
1609 809 1621 830 ‚
1660 779 1704 821 ὃς
1745 782 2068 838 multiplicandis
2111 788 2212 830 affri-

1170 830 1239 871 bus
1271 829 1543 884 multiplicata
1570 835 1749 879 crebrius
1763 842 2021 895 emergebat.
2055 845 2220 901 Quam-
2273 893 2277 895 λ

1170 890 1313 930 obrem
1347 888 1458 929 Dion
1493 889 1586 940 (d)
1616 891 1766 947 refert,
1798 912 1863 939 cas
1892 899 2104 954 potestates
2128 918 2220 945 om-

1172 959 1241 985 nes
1264 977 1278 998 ‚
1310 960 1407 999 quas
1441 946 1712 999 Imperatores
1743 954 1996 1010 accipiebant
2024 989 2036 1010 ,
2070 974 2216 1013 quam-

1174 1001 1234 1043 vis
1268 1001 1343 1044 suis
1374 1003 1625 1057 temporibus
1656 1008 1945 1056 conferrentur
1976 1013 2121 1068 simul,
2157 1029 2217 1058 ta-

1174 1074 1268 1100 men
1319 1058 1492 1111 singulas
1537 1075 1655 1105 antea
1687 1078 1794 1108 certa
1828 1066 1918 1124 lege
1951 1069 2062 1115 fuiise
2096 1087 2217 1115 man·

1171 1116 1280 1158 datas
1309 1131 1318 1157 :
1369 1115 1467 1157 adeo
1509 1130 1552 1159 ut
1597 1120 1705 1172 prius
1737 1123 1900 1178 quidem
1936 1126 2118 1181 pluribus
2152 1130 2215 1171 vi-

1172 1173 1284 1215 cibus
1312 1188 1323 1223 3
1369 1172 1496 1226 postea
1530 1190 1625 1217 vero
1657 1177 1777 1221 semel
1809 1182 1977 1226 Senatus
2007 1185 2218 1230 efferretur

1173 1229 1386 1272 auctoritas
1418 1229 1459 1270 in
1495 1232 1751 1283 potestatibus
1783 1238 2007 1284 tribuendis
2040 1273 2049 1294 ‚
2085 1242 2214 1299 iisque

1175 1287 1388 1329 titulorum
1437 1286 1665 1334 diversitate
1718 1292 1966 1338 secernendis
1999 1330 2011 1351 ,
2061 1314 2111 1342 ne
2143 1313 2214 1342 aut

1172 1342 1305 1386 coiisse
1338 1342 1454 1385 fimul
1475 1374 1486 1395 ,
1519 1359 1589 1387 aut
1620 1359 1816 1404 tanquam
1850 1352 1993 1396 civilia
2022 1355 2215 1398 militari-

1173 1400 1244 1443 bus
1276 1399 1492 1453 lraesifsent‚
1526 1402 1569 1444 δε
1601 1406 1854 1459 magistratus
1886 1425 1979 1452 cum
2012 1412 2226 1466 Principa-

1173 1472 1218 1501 tu
1249 1455 1702 1513 coaluisscntimperitis
1724 1478 1856 1508 rerum
1877 1467 2099 1521 civilium,
2131 1486 2220 1524 quae
2248 1497 2251 1499 >

1174 1514 1346 1558 seorsum
1396 1528 1465 1568 per
1498 1514 1533 1558 se
1565 1518 1830 1564 consistebant
1859 1553 1871 1574 ,
1916 1523 1957 1566 in
1991 1526 2222 1582 Imperato-

1174 1571 1282 1616 rium
1314 1571 1484 1615 titulum
1516 1573 1712 1620 transfusa
1745 1577 1981 1624 viderentur
2003 1613 2015 1625 .

1329 1684 1370 1730 C
1429 1688 1471 1730 A
1531 1688 1562 1731 P
1620 1689 1663 1731 U
1723 1692 1768 1735 T
1883 1662 2103 1742 XXXII.-

1387 1801 1454 1844 De
1484 1803 1768 1859 Imperatorum
1798 1814 2020 1854 creatione.

1306 1914 1383 1956 Uae
1417 1916 1718 1970 Imperatorum
1750 1923 1902 1966 creatio
1932 1923 2004 1967 etsi
2035 1924 2073 1967 S.
2096 1926 2149 1969 C.
2179 1926 2226 1970 ὅτ.

1326 1972 1491 2016 Patrum
1521 1975 1762 2021 auetoritate
1776 1981 2084 2035 compleretur;
2114 1983 2221 2038 apud

1176 2025 1382 2070 historicos
1416 2041 1553 2074 tamen
1588 2032 1692 2076 haud
1726 2051 1818 2078 raro
1847 2037 2060 2081 invenitur
2091 2041 2224 2082 tribu-

1174 2095 1214 2125 ta
1263 2084 1466 2129 militibus
1494 2103 1507 2139 ς
1551 2103 1637 2130 ηοη
1670 2090 1766 2147 quia
1796 2091 1856 2143 jus
1886 2094 2048 2149 aliquod
2081 2096 2131 2138 ab
2161 2096 2222 2140 eis

1175 2140 1428 2185 conferretur
1444 2158 1460 2196 ,’
1479 2144 1535 2186 sed
1550 2147 1645 2200 quia
1661 2148 1824 2192 Patrum
1838 2151 2056 2194 auctoritas
2071 2168 2118 2195 eo
2134 2152 2222 2208 ple-

1175 2213 1346 2253 rumque
1381 2201 1610 2245 vertebatur
1635 2235 1647 2255 ,
1692 2220 1772 2259 quo
1803 2207 1988 2251 rnilitum
2023 2209 2217 2254 voluntas

1174 2256 1381 2298 tenderet:
1415 2258 1513 2300 adeo
1546 2271 1589 2301 ut
1623 2262 1885 2315 Imperatoris
1916 2266 2121 2309 creatione
2136 2267 2222 2311 mi-

1176 2312 1265 2355 lites
1298 2311 1556 2358 voluntatem
1589 2316 1696 2360 suam
1720 2350 1732 2371 ‚
1766 2320 2117 2377 velappellando,
2150 2323 2217 2368 vel

1172 2385 1345 2426 purpura
1388 2387 1483 2415 eum
1526 2371 1729 2417 induendo
1773 2377 2047 2434 significarent
2084 2397 2097 2433 ;
2143 2381 2221 2424 Pa-

1175 2440 1253 2470 tres
1286 2442 1380 2470 vero
1400 2459 1412 2479 ‚
1443 2445 1565 2484 quem
1596 2430 1894 2478 acclamatione
1927 2436 1991 2479 sua
2011 2438 2217 2480 exercitus

1175 2485 1332 2537 petebat
1354 2516 1367 2537 ,
1401 2487 1698 2541 Imperatorem
1728 2490 2012 2535 instituerent:
2045 2495 2210 2548 quando

1175 2541 1391 2595 potentiori
1434 2544 1611 2588 exercitu
1633 2577 1645 2598 ‚
1688 2547 1756 2602 qui
1789 2565 1809 2591 a
1844 2550 2028 2593 Patribus
2058 2553 2175 2594 staret
2200 2580 2217 2605 ‚

1175 2599 1358 2641 militum
1391 2602 1496 2644 votis
1528 2617 1752 2658 repugnare
1786 2609 2026 2662 nequirent,
2063 2621 2231 2651 utom-

1174 2655 1290 2698 nium
1325 2657 1626 2711 Imperatorum
1659 2663 1907 2706 creationem
1935 2696 1945 2714 ‚
1989 2663 2100 2714 cuius
2134 2665 2218 2708 ini-

1176 2714 1285 2756 tium
1316 2715 1541 2769 processerit
1572 2732 1595 2759 a
1625 2718 1827 2763 militibus
1854 2752 1866 2774 ‚
1911 2721 1968 2764 ita
2001 2723 2216 2766 debeamus

2112 2777 2221 2821 acci-

1181 2872 1296 2883 ——.

1177 2901 1268 2938 scat.
1308 2902 1417 2934 locum
1458 2904 1496 2935 iis
1533 2905 1603 2937 dari
1629 2915 1696 2938 non

1177 2945 1220 2978 rii
1246 2944 1333 2978 ineu·
1351 2947 1454 2979 abusis
1475 2971 1483 2978 .

1222 2991 1308 3029 (a)
1334 2992 1419 3023 Dion
1444 2992 1491 3023 lib
1529 2997 1583 3030 48.
1611 3001 1641 3028 9.
1669 3005 1743 3036 379.

1219 3035 1299 3075 (b)
1327 3038 1413 3067 Dzon
1439 3036 1497 3068 lib.
1527 3047 1567 3076 39
1604 3047 1624 3079 p
1665 3045 1713 3077 96.

1217 3081 1272 3166 ἐξ,

1987 2877 2223 2891 ,-.--.

1721 2908 1805 2950 posse
1825 2931 1836 2949 ,
1862 2907 1921 2942 nisi
1947 2910 1984 2944 in
2007 2908 2084 2943 solis
2109 2909 2219 2949 hupe-

1285 3081 1303 3116 3
1329 3080 1440 3114 siqon.
1465 3081 1502 3112 de
1527 3087 1593 3123 tege
1618 3086 1745 3118 Curiat-
1772 3095 1800 3121 ὃ.
1827 3088 1861 3121 6-

1285 3127 1304 3165 )
1329 3124 1387 3159 Hb·
1415 3135 1467 3167 53·
1491 3134 1567 3170 Pass·
1594 3139 1672 3170 509.
