2451 3470
672 97 1645 163 OPUSCULA.
2158 100 2228 165 57

137 178 350 237 propositis
384 191 523 224 autem
556 182 661 226 XII.
692 181 842 225 Tabul.
872 179 934 221 his
957 179 1122 234 quidem
1177 191 1235 219 res
1266 174 1467 218 dabantur
1499 168 1709 215 commeta
1741 181 1879 232 pugno
1910 182 1921 210 ε
1953 183 2014 233 ex·
2034 185 2115 226 quo
2145 187 2221 227 ap-

75 240 238 296 patebat
264 236 482 290 omnibus,
514 251 554 281 at
571 238 656 293 usus
672 237 811 290 illius,
840 237 1122 290 &numqua
1177 244 1314 288 paret,
1348 233 1493 285 pignus
1523 228 1597 271 esse
1629 240 1789 282 proprie
1821 240 1876 267 rel
1905 226 2095 280 mobilis,
2126 243 2217 283 quae

76 295 243 352 quisque
272 294 383 336 suum
420 301 745 350 per¹equeretur,
777 310 799 336 a
829 291 983 349 populo
999 291 1119 343 ignu—
1143 304 1297 357 'manu
1330 287 1408 340 [i]
1440 283 1918 347 traditur-‘Mandatum
1948 281 2115 325 dabatur
2145 300 2218 327 ex-

74 354 267 396 rabatur.
300 350 858 404 Quamobreminventisunt
881 380 895 402 ,
922 348 989 403 qui
1030 362 1148 1108 egesl
1172 345 1353 399 porreeaea
1386 357 1512 386 manu
1542 373 1552 384 .
1603 341 1718 383 Hmc
1749 339 1864 394 quast
1891 353 2036 382 manus
2066 339 2175 382 datio
2200 371 2215 394 ‚

75 407 286 452 redderent
315 407 516 461 acluosaffi
547 408 589 450 δι
621 406 820 450 trastandi
851 404 949 456 juris
974 405 1117 446 inllru-
1167 403 1399 444 mandatum
1419 430 1429 442 .
1460 399 1547 450 (le)
1577 395 1888 450 Stipulabantur
1918 407 2055 439 autem
2088 396 2213 451 stipu-

1163 459 1247 500 lam
1292 468 1477 500 tenentes
1502 471 1515 507 ;
1560 453 1810 509 fractamque
1840 452 2169 509 redintegranres
2191 483 2206 506 ,

1165 513 1390 570 sponsiones
1420 512 1585 570 quisque
1618 511 1702 553 suas
1731 509 2032 566 agnoscebant.
2067 511 2117 551 In
2137 509 2209 552 he-

1163 571 1346 613 reditatis
1375 570 1556 612 aditione
1587 566 1735 622 digitos
1761 567 2072 630 percutiebant,
2103 565 2211 622 quod

72 477 215 514 menta
256 479 305 506 ex
355 479 500 507 arcana
531 462 743 518 disciplina
775 463 984 517 depromta
1015 461 1116 503 civi-

75 523 148 565 bus
190 520 466 563 ministrarent
491 551 503 562 .
546 521 670 563 Unde
712 517 920 562 constituti
974 517 1064 559 sunt
1093 532 1116 559 a

74 578 340 634 prudentibus
371 577 469 620 certi
501 575 667 632 quidam
699 575 798 627 juris
828 574 1040 617 exercendi
1061 573 1115 615 ri-

75 646 139 678 tus
160 665 173 688 ,
203 649 379 689 quorum
412 632 672 675 solemniores
704 632 801 687 legis
832 631 1010 674 actiones
1041 645 1109 671 vo·
1161 626 1341 681 pluribus
1373 625 1473 668 locis
1503 624 1623 668 tradit
1654 623 1874 676 Cujacius,
1903 623 2024 679 idque
2052 622 2210 666 videtur

1160 683 1309 726 Cicero
1352 681 1577 736 significare
1602 711 1615 734 ‚
1663 695 1790 736 quum
1833 680 1891 723 ait
1925 679 1995 723 lib.
2026 680 2076 722 de
2105 678 2207 734 affic.

1157 740 1208 780 Si
1235 738 1379 793 degitis
1407 737 1665 791 concrepuerit
1694 768 1708 789 ‚
1746 735 1863 791 poffit
1891 737 1937 779 in
1964 737 2202 793 locupletum

1158 793 1389 849 testamenta
1416 809 1552 836 nomen
1581 794 1666 842 eius
1696 794 1880 848 irrepere.

1215 853 1339 894 Hanc
1369 862 1505 893 autem
1540 849 1635 904 Pop.
1669 851 1792 892 Rom.
1821 849 2144 904 superstitionem
2160 849 2204 895 in

1157 923 1244 952 rem
1278 908 1388 951 suam
1421 919 1578 950 vertere
1609 906 1852 960 prudentes,
1884 923 1930 950 ac
1945 906 2200 963 singulorum

1155 965 1265 1008 astus
1294 964 1338 1007 &
1370 963 1611 1007 voluntates
1640 962 1710 1006 fibi
1725 962 2022 1018 devinxerunt,
2055 963 2207 1008 solem-

1158 1022 1277 1065 nibus
1310 1023 1524 1064 verborum
1557 1019 1894 1073 conceptionibus
1919 1019 1963 1063 δε
1983 1019 2202 1074 formulis,

1155 1077 1300 1134 quibus
1331 1077 1530 1133 populum
1563 1075 1768 1118 habebant
1794 1076 2026 1121 obnoxium
2061 1093 2070 1119 τ
2104 1093 2203 1122 curn

75 703 250 742 carum,
279 689 472 747 certisque
506 689 722 731 verborum
747 686 1112 740 conceptionibus,

72 763 171 803 quas
202 745 396 789 formulas
410 744 668 798 appellabant
683 775 696 795 ,
728 742 996 797 cujuscunque
1012 756 1110 784 con-

72 804 222 846 traems
253 801 341 843 vim
371 801 415 842 ὃς
443 800 554 842 aetus
577 814 722 842 ornnes
737 800 1111 852 exceperunt.Ro-

72 860 184 902 mani
229 857 342 900 enim
384 871 407 898 a
437 855 572 911 primo
602 855 716 899 rudes
739 886 751 908 ‚
795 855 986 911 quicquid
1018 869 1108 910 age-

70 927 185 967 rent,
217 913 334 957 certis
365 912 486 968 signis
514 925 636 966 atque
669 911 799 954 verbis
825 924 1007 955 mentem
1028 913 1112 954 cir-

71 970 398 1014 cumscribebant
426 985 437 1017 3
484 969 592 1025 quasi
624 968 729 1012 nihil
766 968 854 1011 satis
884 966 1107 1022 expressum

71 1027 175 1070 foret
205 1026 250 1069 δε
280 1027 574 1079 constitutum,
606 1025 679 1069 nisi
697 1025 814 1070 certis
829 1025 1110 1081 fignis&ver-

69 1085 128 1128 bis
153 1083 246 1127 esset
275 1083 505 1126 adstriffium
531 1083 572 1125 ἃ
598 1082 827 1138 obligatum
855 1115 865 1126 .
897 1084 988 1137 Qua
1014 1080 1107 1123 reli-

66 1141 189 1197 gione
222 1139 342 1196 usque
373 1154 421 1183 eo
453 1139 693 1182 tenebantur
713 1171 726 1193 ,
758 1152 803 1182 ut
835 1136 1108 1188 nihiljustum

66 1210 283 1251 ratumque
314 1197 539 1247 haberent,
572 1195 644 1238 nifi
676 1196 781 1252 quod
809 1197 888 1240 suis
909 1193 1110 1238 efferriti-

65 1254 140 1297 bus
169 1253 404 1307 expeditum
427 1283 436 1294 .
470 1251 593 1294 Unde
610 1253 674 1305 (a)
705 1254 746 1295 in
764 1252 1006 1307 sponsalibus
1026 1249 1107 1295 fer-

69 1325 184 1354 reum
214 1309 413 1352 annulum
441 1309 612 1365 dabant:
647 1309 690 1350 in
704 1308 991 1354 contrahendis
1005 1323 1106 1362 nup-

67 1367 135 1410 tiis
164 1381 311 1422 aquam
343 1365 386 1407 &
417 1365 558 1420 ignem
592 1364 839 1409 adhibebant
861 1395 873 1415 ‚
907 1366 988 1408 fine
1018 1364 1109 1420 qui-

69 1424 140 1467 bus
171 1438 256 1465 non
287 1421 404 1477 fuisse
432 1422 749 1465 matrimonium
774 1454 786 1475 ,
819 1423 1028 1478 colligitur
1057 1436 1107 1463 ex

67 1478 245 1533 Scaemla
274 1509 284 1520 .
325 1479 412 1531 (b)
454 1479 654 1520 Putabant
684 1479 796 1522 enim
829 1492 981 1527 veteres
1008 1510 1020 1532 ,
1064 1489 1109 1520 ut

64 1537 202 1580 Varro
230 1536 312 1587 (c)
345 1534 464 1577 tradit
485 1566 498 1587 ,
528 1534 627 1578 oriri
659 1548 709 1579 ex
738 1552 842 1591 aqua
866 1537 909 1580 δε
941 1536 1034 1591 igne
1049 1534 1108 1577 vi-

65 1604 151 1636 tam
178 1623 191 1644 ‚
239 1591 461 1647 iisdemque
487 1591 613 1634 foveri
641 1623 651 1634 .
695 1593 818 1635 Unde
842 1609 964 1649 quern
988 1591 1106 1635 omni

65 1645 368 1706 prorsus-civili
395 1648 477 1690 vita
507 1647 723 1702 privabant
748 1681 761 1702 ,
793 1651 828 1692 ei
863 1663 1060 1705 tanquam
1084 1664 1107 1692 e

66 1706 171 1750 vivis
208 1705 362 1747 sublato
392 1719 492 1759 aqua
524 1703 568 1746 δί
602 1704 689 1757 igni
721 1705 1050 1750 interdicebant.

1157 1134 1265 1178 nihil
1307 1148 1424 1188 agere
1467 1145 1652 1187 petereve
1686 1131 1824 1175 liceret
1849 1163 1863 1183 ,
1905 1132 1978 1175 nifi
2005 1134 2200 1178 consultis

1157 1191 1448 1245 prudentibus,
1475 1205 1499 1232 a
1530 1188 1674 1244 quibus
1703 1187 1807 1232 ratio
1836 1189 1882 1232 &
1909 1189 1991 1233 dies
2007 1205 2204 1235 exercen-

1153 1248 1193 1290 di
1225 1245 1362 1298 judicii
1393 1260 1480 1290 erat
1502 1244 1792 1300 efflagitanda.
1825 1246 1882 1288 Et
1912 1248 2110 1301 quoniam
2151 1247 2202 1291 ad

1154 1303 1400 1347 exercitium
1434 1302 1571 1358 legum
1602 1301 1646 1344 &
1676 1299 2071 1353 Jurisministerium
2088 1319 2207 1347 com-

1157 1360 1292 1414 positae
1309 1357 1485 1409 fuerant,
1498 1357 1680 1401 afflones
1695 1357 1793 1410 legis
1806 1357 1920 1400 dietae
1935 1358 2025 1400 sunt
2037 1359 2080 1402 ὃς
2098 1359 2211 1403 aRus

1158 1416 1371 1473 legitimi,
1401 1415 1547 1471 quibus
1576 1413 1637 1466 jus
1669 1413 1791 1457 civile
1823 1415 1927 1458 XII.
1955 1416 2129 1458 Tabulis
2146 1416 2208 1459 af-

1159 1474 1288 1516 fixum
1319 1471 1682 1527 &consignatum
1713 1469 1964 1514 deferebatur
1983 1472 2027 1514 in
2042 1471 2176 1516 forum
2188 1503 2204 1525 ‚

1156 1529 1201 1573 δε
1242 1545 1293 1573 ex
1325 1530 1471 1573 umbra
1503 1529 1548 1571 in
1580 1542 1773 1583 campum
1805 1539 1927 1582 atque
1959 1527 2089 1572 aciem
2116 1545 2205 1583 per-

1157 1586 1414 1629 ducebatur:
1459 1599 1586 1640 eaque
1628 1584 1757 1627 altera
1798 1584 1882 1638 post
1911 1585 2015 1628 XII.
2047 1584 2201 1628 Tabul.

1156 1642 1254 1693 juris
1285 1641 1420 1686 civilis
1440 1642 1572 1697 portio
1587 1640 1663 1685 fuit
1680 1672 1690 1682 .
1723 1641 1823 1683 Erat
1839 1640 2083 1684 videlicetin
2098 1644 2203 1686 XII.

1154 1698 1331 1743 Tabulis
1362 1699 1525 1743 mentio
1556 1712 1702 1741 manus
1732 1697 1999 1741 consertionis
2028 1698 2205 1741 &man-

1158 1755 1379 1812 cipationis
1402 1773 1412 1798 :
1448 1756 1596 1798 horum
1623 1767 1761 1798 autem
1787 1753 1886 1796 ritus
1912 1754 1955 1797 ὅς
1982 1753 2209 1809 formulas,

1156 1812 1270 1856 sicuti
1301 1813 1346 1857 &
1363 1825 1601 1857 caeterorum
1618 1842 1630 1864 ,
1664 1810 1878 1865 prudentes
1892 1811 2210 1866 excogitarunt,

65 1875 264 1931 pudiatae,
295 1887 489 1930 tanquam
517 1875 704 1918 dominio
725 1876 989 1931 spoliaretur,
1020 1875 1105 1919 adi·
1156 1869 1258 1913 &in
1279 1870 1528 1913 Pontificum
1548 1867 1759 1912 condidere
1775 1867 2072 1922 penetralibus.
2106 1868 2212 1912 Pon-

62 1932 279 1975 mebantur
301 1963 311 1973 .
342 1933 424 1983 (e)
457 1932 627 1974 Novum
660 1948 761 1986 opus
795 1933 969 1978 solemni
1000 1933 1105 1985 iaetu
1156 1926 1289 1970 tifices
1331 1928 1446 1970 enim
1475 1940 1557 1969 non
1585 1924 1707 1968 modo
1731 1923 2068 1978 consequentibus
2100 1923 2207 1969 iem-

121 1761 259 1805 Uxori
287 1761 456 1804 domum
488 1759 690 1813 dedufi’tae,
722 1775 921 1818 tanquam
939 1763 1108 1806 domna

66 1988 196 2043 lapilli
229 1988 497 2031 nunciabatur
520 2019 530 2029 .
578 1988 730 2033 Liberis
761 1991 1033 2047 emancipatis
1062 1993 1135 2836 &I
1155 1984 1321 2038 ΡΟΥΠἊ]5
1356 1983 1521 2046 suscepti
1557 1981 1646 2024 sunt
1664 1980 1833 2024 emedia
1847 1981 2205 2036 Jusisprudesstia;

64 1819 406 1870 constitueretur,
433 1816 570 1860 claves
600 1818 891 1863 tradebantur:
926 1821 1015 1872 (d)
1047 1835 1107 1862 re-

66 2045 186 2088 servis
219 2045 470 2087 manumissis
503 2044 695 2100 colaphos
727 2046 969 2104 infligebant
992 2079 1005 2102 ‚
1037 2064 1106 2092 eo-
1156 2040 1216 2083 sed
1248 2039 1372 2084 initio
1407 2038 1638 2094 re¹l³¹³bllcae
1668 2037 1849 2098 anstosss
1882 2035 2048 2080 fuerunt
2080 2050 2201 2092 atque

65 2102 155 2158 sque
187 2101 542 2156 circumagebant3
574 2105 678 2146 unde
712 2105 888 2149 Persius:
1153 2096 1335 2140 custodes
1389 2095 1485 2146 juris
1535 2093 1668 2138 civilis
1695 2124 1706 2145 ,
1757 2108 1867 2142 cujus
1911 2094 2201 2148 interpretatio

123 2159 285 2201 Venerit
332 2158 431 2201 hunc
459 2158 674 2213 dominun
717 2175 906 2206 momento
934 2162 1106 2206 turbinis
1150 2169 1173 2196 e
1238 2152 1488 2196 Pontificum
1543 2150 1718 2205 collegio
1772 2150 2031 2203 profluebat;
2072 2165 2202 2205 quan-

177 2216 260 2257 exit
1150 2209 1369 2265 doquidem
1412 2224 1554 2252 eorum
1599 2221 1702 2250 unus
1743 2221 1912 2261 operam
1956 2207 2079 2249 dabat
2123 2206 2200 2257 iuri

124 2273 292 2315 Marcus
320 2273 480 2314 Dama.
1151 2266 1310 2321 privato
1363 2265 1520 2309 civibus
1575 2263 1649 2307 suis
1696 2263 2002 2318 interpretando
2031 2294 2043 2314 ‚
2104 2278 2202 2307 curn

62 2330 373 2384 Usucapionem
398 2361 410 2381 ‚
441 2328 595 2372 arboris
630 2330 831 2375 surculum
866 2331 1101 2389 defringen-
1151 2323 1296 2379 reliqui
1346 2320 1537 2378 religioni
1569 2318 1772 2376 praeeffent
1801 2350 1810 2361 ·
1859 2320 1918 2370 (l
1947 2322 1963 2371 )
1996 2319 2120 2362 Unde
2154 2320 2209 2372 ln,

64 2400 148 2439 tes,
181 2386 558 2448 interrumpebant:
592 2386 671 2440 (f)
696 2388 805 2444 quod
839 2388 1024 2444 usurpare
1041 2389 1102 2433 di-
1148 2395 1290 2423 eorum
1334 2378 1606 2435 penetralibus
1655 2376 1755 2432 legis
1798 2375 1981 2439 affiones
2021 2376 2064 2419 &
2117 2375 2200 2418 for-

63 2444 227 2486 cebatur
253 2474 263 2484 .
304 2441 618 2486 Solemnitatem
648 2475 660 2497 ‚
692 2461 779 2500 quae
810 2444 856 2487 ad
891 2446 1100 2500 mancipa-
1150 2437 1273 2482 mul‘ae
1335 2435 1567 2490 compofitae
1632 2449 1655 2476 a
1717 2431 1982 2488 prudentibus
2035 2432 2204 2476 asserva-

63 2500 196 2542 tiones
227 2499 492 2542 adhibebatur
520 2531 534 2553 ,
567 2500 681 2551 supra
712 2501 1098 2546 demonstravimus.
1150 2494 1300 2538 bantur
1326 2525 1338 2546 a
1392 2504 1613 2548 antequam
1664 2487 1816 2544 POPUIO
1865 2490 2132 2543 proderentur
2174 2505 2197 2532 a

65 2558 116 2598 In
148 2556 432 2609 auelionibus,
462 2556 531 2612 qui
565 2555 691 2611 pluris
723 2557 892 2613 liceret,
923 2559 1098 2615 digitum
1148 2552 1234 2593 Gn·
1273 2549 1414 2592 FlaViO
1441 2579 1454 2602 a
1497 2551 1606 2602 APP-
1642 2545 1806 2590 ClflUdi'
1856 2545 2010 2598 scriba,
2043 2546 2110 2601 (Ιώ
2146 2543 2204 2588 fa·

65 2611 234 2656 tollebat
266 2643 275 2653 .
307 2613 392 2666 [g]
426 2616 474 2656 In
508 2613 664 2656 heredis
699 2614 950 2659 institutione
984 2616 1100 2658 testa·

64 2681 129 2713 tor
159 2667 361 2712 annulum
394 2669 524 2714 heredi
560 2670 738 2716 tradebat
770 2704 782 2726 ,
813 2673 899 2727 (h]
932 2672 1099 2728 Pignori

1149 2608 1223 2650 stos
1259 2607 1387 2650 etiam
1448 2603 1656 2661 proposuit
1693 2615 1779 2645 toto
1816 2600 1904 2645 foro
1945 2633 1957 2655 ‚
2011 2615 2055 2644 ut
2096 2617 2204 2655 pate--

1148 2676 1209 2709 ret
1239 2663 1458 2716 omnibus,
1489 2661 1652 2718 quando
1682 2660 1774 2758 legIe
1805 2658 1870 2713 agi
1903 2657 2026 2714 posset
2057 2664 2066 2700 4
2100 2660 2202 2756 Qqssae

1819 2730 1841 2757 2
2098 2729 2148 2768 po
2183 2741 2200 2748 -

1267 2832 1370 2841 *-
1376 2822 2198 2841 --.--.---ι-ιι---ι.-

62 2831 282 2850 *th-—
288 2835 642 2849 --——-—·——-——--.

107 2866 190 2905 (a)
216 2869 351 2899 Hotom.
380 2864 490 2906 observ
526 2865 584 2897 lib.
615 2877 663 2898 ιο.
689 2876 747 2910 cap
783 2874 814 2901 6.
1194 2862 1271 2904 (f·
1299 2861 1369 2894 Cic.
1393 2859 1452 2893 lib·
1487 2869 1516 2898 3·
1543 2858 1581 2890 dl
1604 2866 1688 2889 orat.

107 2909 188 2950 (b)
214 2913 250 2942 1--
276 2913 398 2950 penult.
423 2909 461 2954 ff
487 2910 525 2942 de
549 2911 658 2943 donat.
684 2915 779 2945 inter.
803 2915 868 2947 vir.
885 2914 1102 2948 &ux0r‚Cu.
1194 2908 1250 2946 (g
1266 2907 1284 2944 )
1309 2904 1377 2938 Cic.
1404 2905 1439 2936 in
1465 2907 1550 2936 Verr-
1578 2912 1608 2942 3.
1636 2901 1675 2932 (¹)-
1700 2912 1730 2942 ς.
2174 2943 2180 2949 ι

63 2952 126 2994 iae.
151 2952 208 2986 lib.
242 2965 289 2986 ιι.
316 2954 435 2994 observ.
466 2965 496 2986 2.
1193 2950 1273 2991 (b)
1316 2950 1424 2982 Valer.
1459 2949 1554 2980 Max.
1593 2943 1669 2980 libr.
1707 2954 1740 2985 7.
1778 2950 1846 2987 cap.
1878 2952 1906 2982 9.
1936 2946 2036 2978 Corn.
2054 2946 2141 2985 Nep.
2165 2953 2201 2975 m

109 3000 128 3039 <
142 2998 188 3038 c)
212 3000 269 3031 lib.
282 3009 313 3038 4.
330 3000 466 3040 detling.
482 2999 594 3031 Latin.
611 2999 668 3032 ubi
682 3000 812 3042 joseph.
832 3001 915 3034 scal.
937 3006 985 3036 Et
997 3013 1101 3036 notae.
1152 2999 1297 3030 Eumene
1312 3018 1319 3026 -

63 3042 168 3075 Goth.
193 3045 237 3075 ad
259 3047 321 3086 leg.
347 3046 470 3085 penult·
499 3043 537 3086 ff.
566 3045 604 3075 de
627 3046 737 3080 donat.
762 3045 847 3082 inm·
871 3047 934 3079 vir.
963 3047 1101 3081 &agon
1194 3042 1214 3080 (
1232 3040 1278 3077 ι’)
1307 3042 1342 3071 L.
1371 3041 1442 3077 238.
1465 3036 1505 3082 ff
1529 3036 1567 3068 de
1592 3038 1625 3068 V-
1652 3035 1692 3067 5¹,

108 3088 192 3128 (d)
217 3087 381 3120 Plutarch.
410 3089 445 3118 in
471 3087 628 3122 Problezn.
781 3107 785 3110 ·
1194 3088 1212 3123 <
1232 3085 1290 3122 k)
1318 3081 1448 3115 lfidor.
1475 3079 1533 3114 tib.
1561 3089 1590 3118 ς.
1619 3083 1729 3119 Etym.
1763 3083 1830 3118 cap.
1860 3087 1911 3116 34.
1994 3118 2001 3127 ⁸
2100 3119 2105 3124 ¹

107 3132 190 3174 ιε’)
213 3132 319 3167 Cicer.
344 3133 486 3176 Philipp.
506 3141 538 3165 2.
619 3148 631 3153 -
695 3129 699 3132 ’
936 3130 941 3132 ’
1195 3128 1277 3168 (ιι)
1304 3125 1417 3165 cujac.
1444 3127 1488 3161 ad
1511 3127 1572 3168 leg.
1600 3133 1629 3155 2.
1652 3120 1692 3167 ff
1724 3122 1762 3154 ἐι
1788 3124 1827 3155 0.
1845 3122 1885 3163 J.
1913 3121 1940 3161 ᾗ.
1964 3121 2015 3153 hus
2038 3115 2136 3159 legib.
