2451 3470
647 123 1752 185 ORATIONES.

174 205 255 251 vili
278 202 329 259 est
344 237 356 258 ,
387 220 453 247 nec
470 204 586 258 huius
600 205 787 260 interpres
802 207 963 248 idoneus
976 204 1202 260 quisquam,

176 261 251 316 nzfi
264 262 504 316 sueritjuris
518 262 940 318 civilisperitiffimus.
968 263 1022 303 Et
1038 262 1081 303 de
1100 262 1192 303 Gre-

173 321 288 373 gorio
324 321 398 365 IX·
429 320 492 371 (a)
519 321 611 363 Duo
636 321 707 363 haec
727 322 857 375 capita
877 319 971 372 sunt
996 318 1203 373 Gregorii,

173 377 341 424 aue-ioris
363 377 480 427 huius
506 377 737 422 colleHionis
753 409 765 430 ,
797 378 869 431 qui
898 387 939 417 ut
965 376 1008 418 in
1035 391 1077 416 etz
1094 376 1204 417 collu—

170 436 291 478 &ione
304 434 462 489 aliquid
473 433 600 486 desuo
615 434 795 488 insereret
810 450 827 474 e
841 435 926 488 jure
939 433 1069 486 civili,
1089 433 1202 483 ultro,

169 508 245 533 non
258 492 394 534 aditus
404 508 429 532 a
442 490 721 544 consultoribus
732 492 911 543 ullis-‚aut
923 489 1204 544 litigatoribus,

170 549 359 604 pleraque
371 546 507 600 sumfit
521 577 533 598 ,
563 547 815 601 &infernin
833 548 886 591 Et
900 546 996 590 alibi
1014 547 1059 588 de
1079 547 1200 587 Inno-

170 605 310 647 centio
337 606 400 657 (b)
429 603 583 649 rursus.
607 605 662 648 Et
685 602 875 656 Pontifex
901 605 1059 659 quidem
1079 604 1120 644 in
1139 603 1203 644 hoc

174 662 300 716 capite
329 679 375 704 ex
397 662 481 712 iure
493 661 634 713 civili,
666 662 731 703 vel
749 677 793 702 ex
809 660 1086 715 interpretibus
1099 659 1200 709 juris

169 719 327 763 civilis:
355 716 436 771 sicit
449 718 553 758 enim
565 719 811 759 Innocentius
827 749 838 768 ,
863 715 996 770 quies}
1013 717 1079 758 illc
1094 717 1195 758 Pon-

166 774 267 828 ttfi‘x
292 806 304 827 ,
338 775 440 826 iuris
458 772 712 828 peritiffimus
737 805 746 815 .
776 774 831 814 Et
855 785 974 814 totum
1002 772 1202 827 qzeidc'uid

160 832 301 885 scribit
315 832 356 872 in
371 832 438 871 hoc
455 830 623 883 capitulo
638 831 774 872 ultimo
790 861 800 880 ‚
816 829 1078 884 fatisprolixe
1091 803 1140 883 ῄῦ
1155 844 1202 871 ex

163 886 295 944 gloffis
317 887 416 928 iuris
445 887 605 938 civilis,
639 901 806 940 quarum
834 887 1021 941 pleraque
1041 884 1196 939 facium

164 943 214 998 est
238 957 281 986 ut
306 944 392 986 vim
409 942 622 997 ficmserint
650 955 719 999 per
747 943 962 997 Pontifices
988 975 1001 995 ,
1045 944 1118 998 qui
1153 958 1202 985 ex

162 1002 218 1043 εἰς
240 1002 466 1045 Decretales
489 998 730 1055 confecerunt
757 1031 770 1054 ,
802 999 858 1043 (9⁹
885 1002 1081 1055 generales
1111 1016 1198 1044 con·

148 1057 380 1113 stitutiones
405 1089 415 1100 .
447 1059 509 1101 Ae
535 1057 581 1100 de
608 1057 810 1113 Gregorio
843 1059 920 1101 IX.
949 1057 1099 1101 iterum
1124 1056 1199 1102 ali-

165 1114 204 1157 bi
231 1147 243 1168 ,
275 1115 332 1166 (c)
366 1115 466 1158 Plus
495 1116 646 1170 petitur
677 1131 714 1156 re
740 1146 752 1166 ,
787 1115 850 1156 vel
872 1115 1058 1168 summa,
1089 1115 1164 1156 loco
1185 1145 1197 1167 ‚

163 1183 332 1227 tempore
349 1203 361 1224 ,
393 1172 537 1225 causa.
570 1172 690 1224 Quod
714 1172 926 1227 Gregorius
945 1172 1036 1216 JX.
1069 1172 1200 1214 αιιὲἶον

165 1229 282 1281 hujus
293 1227 722 1283 constitutionissumfit
737 1245 781 1270 ex
795 1227 1199 1282 Institutionibusju-

154 1285 353 1342 stiniani‘,
368 1287 421 1328 &⁴
434 1302 478 1327 ex
500 1287 737 1328 Pimlltlibr.
762 1286 1088 1338 1.sententiarum
1112 1316 1120 1325 .
1143 1286 1198 1330 Ec

162 1343 362 1399 quidquid
376 1345 527 1385 omnino
541 1343 593 1397 est
610 1344 776 1385 relatum
790 1343 831 1385 in
845 1340 1112 1398 constitutione
1127 1343 1198 1384 hu-

161 1402 226 1452 ius
239 1401 374 1452 tituli,
405 1416 450 1441 ex
472 1401 558 1452 jure
581 1401 698 1445 civili
716 1398 767 1451 el}
783 1431 794 1451 ‚
827 1416 871 1441 ac
885 1398 1198 1454 proindesecun-

161 1458 256 1500 dum
278 1458 343 1507 jus
360 1456 480 1500 civile
497 1457 830 1512 interpretandum·
847 1473 855 1497 :
885 1473 930 1497 ex
945 1474 1020 1510 quo
1036 1457 1196 1511 quidem

155 1514 238 1568 solo
262 1514 345 1562 jure
360 1513 501 1556 habent
515 1545 527 1566 ‚
561 1515 665 1569 quod
674 1525 813 1569 petant
826 1512 1068 1566 Pontifices,
1089 1530 1193 1557 exor-

160 1570 378 1616 nandorum
404 1569 563 1624 suorum
596 1573 851 1616 Deci-emtum
878 1573 1036 1625 gratia.

216 1627 382 1670 Omitto
414 1629 587 1672 Beroum
616 1659 627 1680 ,
676 1627 910 1670 Antonium
944 1627 1147 1671 Contium
1181 1659 1193 1681 ,

160 1684 376 1727 Gentilem
403 1717 415 1738 ,
447 1685 626 1740 aliosque
659 1684 764 1728 haud
797 1684 997 1728 absimilia
1030 1685 1076 1727 de
1109 1683 1194 1734 jure

159 1741 377 1787 Pontificio
409 1743 610 1785 tradentes
635 1773 644 1782 .
687 1744 754 1792 (d)
786 1742 899 1784 Nam
936 1757 1035 1796 quos
1067 1740 1192 1792 Cuia-

159 1798 270 1852 cius,
298 1799 479 1855 ,universi
514 1798 610 1850 juris
634 1799 716 1853 post
744 1799 963 1844 bominum
998 1798 1195 1842 memori-

159 1870 226 1903 am
260 1855 573 1902 consultissimus
593 1888 605 1909 ,
631 1862 721 1902 'nen
753 1855 970 1909 absterret3
1003 1872 1191 1912 quaenam

158 1912 236 1955 alia
264 1914 427 1970 gravior
451 1913 679 1974 cohibuerit
708 1912 927 1956 auetoritas
953 1918 964 1957 ἓ
1014 1913 1088 1956 nisi
1121 1930 1193 1969 pu-

158 1969 265 2019 blica
292 1969 526 2024 Principum
544 2002 555 2023 ,
586 1970 630 2013 δε
657 1970 993 2025 magistratuum³
1025 1971 1068 2014 δε
1099 1986 1194 2026 prae,

160 2026 278 2081 cipue
320 2026 519 2070 sacrorum
566 2027 813 2071 Pontificum
857 2028 1027 2082 poteslas
1054 2045 1061 2069 :
1107 2044 1195 2083 quae

160 2099 245 2126 non
268 2083 351 2126 alio
379 2097 556 2127 vertetur
582 2085 721 2128 utilius
738 2116 751 2138 ‚
783 2100 907 2140 quam
934 2086 980 2128 ad
1001 2086 1192 2130 emenda-

162 2140 320 2188 tionem
333 2140 484 2184 divinae
497 2154 617 2197 atque
644 2142 1191 2197 bumanaeJurisprudentiae,

162 2197 343 2259 itemque
358 2198 404 2244 ad
417 2197 616 2241 deleftum
646 2199 884 2244 idoneorum
904 2200 1194 2253 interpretum,

161 2254 357 2298 submotis
378 2255 450 2301 iis.
483 2256 552 2312 qui
580 2255 1192 2307 juventutiJustitiaelucemin-

162 2311 388 2366 tercipiunt
413 2345 426 2366 ‚
471 2313 680 2356 scientiam
721 2314 956 2368 profitentes
985 2314 1191 2359 alienam:

159 2385 238 2424 qua
269 2369 312 2412 in
346 2386 388 2413 re
421 2371 596 2413 verenda
627 2369 682 2413 eis
725 2369 850 2413 essent
883 2371 1002 2414 verba
1034 2371 1193 2415 Christi

158 2426 352 2469 dicentis:
388 2429 443 2469 Vae
471 2429 586 2473 vobis
619 2429 883 2483 jurisperitis,
917 2430 1015 2482 quia
1048 2427 1195 2483 tulistis

1252 217 1341 259 quae
1372 202 1597 244 Canonum
1630 199 1810 241 rationes
1847 196 1996 249 pandat
2025 228 2037 249 ‚
2083 214 2128 242 ac
2161 204 2289 246 nubes

1254 258 1437 316 dispellat
1462 256 1722 312 absurdarum
1747 253 2022 307 opinionum3
2049 255 2194 310 quibus
2208 259 2282 301 hu-

1255 318 1312 368 jus
1333 317 1437 368 Juris
1461 313 1700 357 recentiores
1731 311 1995 364 interpretes,
2027 327 2125 367 quos
2140 315 2285 359 Casui-

1257 375 1325 418 stas
1356 372 1566 428 appellant
1593 402 1604 423 ‚
1649 369 1785 424 paucis
1815 369 1994 424 exceptis
2020 400 2031 422 ‚
2082 369 2124 411 in
2160 373 2285 416 veteri

1255 430 1431 475 Ecclesia
1459 428 1577 484 plane
1605 426 1780 481 hospites
1805 458 1818 479 ,
1854 427 2057 470 rationem
2088 426 2285 482 interpre-

1254 489 1364 532 tandi
1392 504 1437 529 ac
1462 484 1682 529 definiendi
1707 485 1754 530 de
1782 485 1896 528 rebus
1921 485 1967 527 ad
1995 499 2126 526 mores
2162 485 2287 539 perti-

1255 545 1443 587 nentibus
1481 543 1609 598 magis
1625 559 1645 584 a
1661 541 1947 597 Porphyrianis
1968 542 2010 585 8<
2027 542 2290 592 Averroistis‘,

1253 617 1374 657 quam
1402 603 1451 643 ab
1479 599 1682 655 Apostolis
1706 599 1751 644 δε
1785 599 2058 656 Evangelistis
2083 599 2289 645 trahentes

1251 659 1506 701 Christianas
1530 672 1693 699 morum
1728 655 1858 712 leges,
1886 673 1969 700 non
1999 656 2045 699 ad
2068 658 2286 711 praeciden-

1251 716 1343 769 das,
1372 715 1432 757 sed
1456 714 1502 756 ad
1528 713 1690 757 alendas
1717 729 1763 758 ac
1779 714 2054 769 propagandas
2070 729 2204 759 rernm
2219 731 2286 759 ca-

1249 773 1446 816 ducarum
1473 771 1738 827 cupiditates,
1765 771 1969 816 violenter
1991 771 2280 826 perduxerunt:

1252 831 1307 872 ita
1341 842 1384 872 ut
1409 828 1472 873 lex
1495 826 1740 884 frugalitatis
1763 840 1882 884 atque
1907 829 2086 873 caritatis
2112 828 2152 872 in
2175 845 2286 885 quae-

1249 886 1351 941 stum
1377 897 1497 940 atque
1529 884 1805 940 impotentem
1846 885 2175 929 dominationem
2202 887 2284 931 irn-

1250 941 1545 998 portunissimis
1585 941 1986 995 interpretationibus
2011 943 2282 998 detorquean-

1250 1013 1314 1043 tur
1341 1033 1350 1045 .
1385 1000 1542 1055 Quibus
1569 999 1749 1055 profecto
1775 1000 1949 1043 tenebris
1983 1001 2093 1047 locus
2123 1000 2215 1044 esset
2241 1001 2286 1044 in

1248 1056 1427 1103 Ecclesia
1458 1056 1595 1100 nullus
1612 1088 1625 1110 ,
1657 1056 1684 1099 fi
1711 1056 1857 1099 assidua
1879 1057 2206 1111 Evangeliorum
2223 1057 2281 1101 le-

1245 1115 1380 1159 &ione
1406 1146 1418 1165 ‚
1452 1125 1573 1170 atque
1611 1112 1850 1169 cognitione
1889 1115 2030 1158 vetusti
2056 1114 2180 1157 moris
2200 1147 2212 1168 ‚
2243 1115 2286 1158 δε

1247 1172 1373 1214 studio
1387 1170 1682 1215 Conciliornm
1700 1202 1712 1223 ‚
1736 1186 1782 1213 ac
1815 1171 1930 1214 sacrae
1951 1171 2124 1216 historiae
2141 1173 2284 1226 peritia

1245 1228 1473 1272 dialenicas
1509 1228 1744 1283 captiones,
1781 1228 2072 1286 versutiloquas
2095 1230 2281 1274 Arabum

1246 1284 1432 1329 scientias
1455 1285 1788 1337 excluderemu33
1819 1301 2041 1342 eorumque
2069 1285 2159 1329 loco
2183 1287 2280 1329 ado-

1246 1341 1511 1396 lescentibus,
1538 1342 1651 1385 brevi
1676 1341 1722 1384 ad
1756 1341 1853 1393 ,iuris
1880 1343 2086 1386 Pontificii
2108 1341 2282 1386 studium

1243 1400 1457 1443 accessuris
1479 1432 1492 1454 ,
1536 1415 1615 1442 una
1652 1413 1749 1443 cum
1790 1398 2068 1443 Ecclefiastica
2101 1399 2282 1442 Historia

1246 1459 1486 1503 Romanum
1523 1456 1564 1499 in
1608 1471 1754 1499 manus
1797 1456 2046 1501 traderemus
2073 1455 2284 1501 Catechif-

1244 1530 1390 1558 mum:
1431 1514 1535 1557 unde
1554 1513 1677 1557 solida
1707 1514 1748 1558 &
1779 1513 2282 1568 fincera'rheologialon-

1242 1587 1291 1626 ge
1329 1571 1475 1614 melius
1512 1571 1556 1615 &
1591 1569 1751 1614 uberius
1778 1601 1790 1622 ‚
1832 1587 1957 1627 quam
1995 1586 2045 1614 ex
2084 1570 2283 1613 immensa

1241 1628 1582 1672 scholasticarum
1623 1642 1825 1683 nugarum
1867 1628 1999 1684 segete
2045 1627 2288 1683 colligitur.

1243 1687 1357 1732 Hinc
1381 1701 1453 1729 nos
1478 1685 1523 1729 in
1549 1684 1690 1730 nostris
1707 1685 1911 1728 Pontificii
1941 1683 2037 1736 juris
2064 1685 2287 1729 institutio-

1242 1744 1385 1797 nibus,
1412 1743 1478 1787 ubi
1501 1757 1558 1786 res
1579 1742 1727 1795 ferret,
1761 1741 1919 1786 lumina
1935 1741 2144 1797 sparsimus
2173 1746 2289 1796 Apo-

1241 1800 1389 1846 stolicae
1419 1799 1640 1856 disciplinae
1667 1831 1680 1853 ,
1717 1815 1764 1844 ac
1802 1815 1934 1843 mores
1960 1798 2148 1842 Ecclesiae
2174 1812 2285 1858 vente-

1243 1857 1295 1901 ris
1320 1890 1333 1911 ,
1377 1857 1631 1915 originesque
1660 1873 1795 1901 rerum
1820 1858 1958 1900 oblata
1984 1855 2192 1900 occasione
2220 1859 2287 1899 re*-

1242 1915 1412 1959 tulimus
1430 1932 1442 1970 3
1459 1928 1504 1959 ut
1528 1914 1720 1961 nostrates
1743 1914 2013 1960 adolescentes
2033 1930 2054 1957 a
2070 1913 2273 1969 magistris

1240 1974 1377 2016 omnis
1408 1989 1504 2017 curn
1538 1973 1681 2026 sacrae,
1715 1984 1804 2018 tum
1838 1971 2018 2028 profanae
2034 1970 2284 2015 eruditionis

1243 2029 1477 2084 expertibus
1505 2062 1517 2083 ‚
1548 2030 1594 2073 ad
1630 2045 1704 2072 nos
1735 2029 1978 2081 venientes,
2011 2028 2089 2072 hoc
2122 2027 2286 2072 utilissi-

1241 2104 1312 2132 mo
1355 2088 1397 2130 ὃς
1439 2087 1667 2143 gratissimo
1718 2085 1836 2130 simul
1876 2085 2088 2141 >dofitrinae
2132 2085 2280 2140 poculo

1241 2143 1563 2198 exciperentur:
1603 2160 1693 2199 ,quo
1737 2143 1876 2186 hausto
1899 2175 1910 2196 ‚
1957 2143 2028 2197 ipsi
2062 2157 2130 2197 per
2163 2141 2197 2185 se
2229 2141 2277 2184 ad

1240 2201 1471 2257 pleniorem
1503 2201 1797 2244 conciliorum
1843 2200 2040 2245 notitiam
2065 2231 2076 2249 ,
2118 2198 2162 2242 &
2192 2199 2281 2242 diu-

1239 2259 1472 2305 turniorem
1509 2258 1709 2304 sacrorum
1744 2257 1943 2301 librorum
1967 2256 2276 2313 san&orumque

1241 2317 1410 2361 Parrum
1447 2316 1668 2360 lethonem
1714 2315 2048 2360 exardescerent.

1297 2374 1479 2429 Superest
1500 2421 1504 2423 ,
1529 2389 1640 2434 nunc
1687 2372 1892 2428 supremus
1935 2371 2086 2417 divine
2111 2368 2286 2433 ’sapien-

1238 2430 1307 2475 tiae
1337 2431 1518 2496 gradus,
1546 2445 1714 2485 nempe
1740 2428 2008 2485 Theologia:
2056 2443 2166 2480 cujus
2201 2441 2282 2470 tra-

158 2484 307 2526 clavim
327 2482 497 2538 scientiae
527 2517 539 2539 ,
571 2486 644 2540 ipsi
673 2503 747 2528 non
776 2485 995 2540 1'ntrorstt'55
1028 2486 1084 2529 (9⁴
1108 2503 1193 2540 eos,
1239 2489 1378 2532 dendae
1421 2501 1626 2532 rationem
1671 2502 1796 2531 nemo
1844 2487 1944 2530 alibi
1972 2519 1985 2540 ,
2041 2501 2165 2542 quam
2198 2487 2284 2541 Ro-

157 2541 229 2596 qui
261 2541 477 2585 introibant
491 2575 503 2596 ‚
531 2543 809 2598 prohibuistis.

1238 2562 1318 2589 mae
1340 2579 1353 2600 ‚
1401 2546 1618 2595 inveneritss
1653 2544 1867 2588 meliorem
1896 2560 1909 2597 3
1955 2544 2163 2602 postquam
2194 2556 2288 2585 earn

217 2598 309 2651 Qia
343 2614 436 2641 vero
477 2598 537 2652 jus
569 2601 834 2651 pontificium
866 2616 888 2645 e
920 2603 1050 2644 Sacrae
1083 2600 1192 2644 Scri·
1241 2603 1536 2648 Dominicanae
1567 2603 1739 2649 familiae
1768 2603 1904 2646 Patres
1934 2602 2171 2656 depromere
2204 2605 2288 2641 coe'-

159 2660 286 2709 pturae
312 2687 323 2707 ,
370 2672 416 2698 ac
448 2657 515 2699 SS.
549 2659 714 2701 Patrum
747 2656 847 2701 locis
874 2690 886 2711 ,
931 2660 974 2701 &
1009 2672 1192 2702 veterum
1245 2674 1392 2715 perurit
1424 2677 1445 2705 e
1478 2661 1594 2705 fonte
1629 2661 1725 2714 suo,
1759 2674 1907 2713 nempe
1940 2659 1986 2702 de
2019 2659 2074 2700 D.
2106 2657 2287 2701 Thomae

159 2711 452 2755 Conciliorum
488 2715 669 2758 Decretis
701 2716 1004 2771 componitur3
1053 2716 1193 2771 praefe·
1246 2718 1359 2761 libris
1389 2735 1398 2760 ε

1444 2734 1616 2773 quorum
1667 2715 1969 2772 praelefflonem
2004 2714 2286 2770 quotidianam

160 2770 281 2812 tenda
317 2769 384 2833 'est
426 2769 522 2813 huic
567 2772 691 2815 studio
747 2772 814 2816 fax
856 2771 981 2816 etiarn
1031 2775 1192 2816 divino-
1244 2775 1407 2833 proprio
1454 2776 1843 2827 sumturCasanaeta
1886 2771 2122 2817 Cardinalis
2163 2771 2286 2813 bene-

160 2840 253 2872 rum
297 2826 495 2870 librorum
525 2859 538 2882 ,
578 2828 621 2871 δι
651 2829 939 2874 Ecclefiasticae
971 2830 1159 2875 Historiae
1181 2864 1194 2886 ,
1241 2835 1522 2878 ficentiffimus
1549 2865 1562 2889 ,
1605 2833 1648 2877 δί
1696 2831 1758 2877 vel
1808 2832 1885 2874 hoc
1917 2843 2079 2875 tantum
2112 2828 2284 2871 nomine

158 3018 450 3037 -ψ-ι--ν-*η

315 3115 381 3149 cap.
398 3107 494 3149 penul
521 3106 561 3136 (5
578 3107 636 3137 ult.
656 3107 724 3138 eod.

315 3153 355 3185 ad
370 3157 480 3193 capf3.
496 3151 534 3182 (9¹
552 3154 613 3182 ult.
633 3151 670 3181 de
684 3152 741 3183 lie.
758 3150 821 3184 ηὸη
834 3160 917 3186 cont.

207 3112 226 3150 (
240 3109 289 3146 a)

205 3154 289 3241 {53
307 3198 349 3231 ad
374 3200 449 3238 cap.
470 3197 531 3231 ult.
546 3196 584 3229 de
597 3197 671 3238 plus
683 3196 781 3238 petit.

2171 2882 2280 2938 opti-

1754 2890 1807 2944 Q
1857 2904 1879 2931 2

1243 3021 1965 3035 -ῇ--ῄ--ωυ--Ο-ν-
2182 3010 2286 3025 -d

1288 3111 1370 3150 (a)
1395 3111 1536 3144 Contius
1561 3111 1618 3144 nh.
1652 3122 1678 3144 1.
1693 3111 1818 3151 disput.
1828 3111 1927 3151 μή,
1946 3108 2067 3143 .eivit.
2087 3111 2153 3148 cap.
2175 3113 2203 3142 3·
2220 3101 2279 3135 Be-

1250 3165 1322 3188 rous
1348 3157 1389 3188 ad
1412 3155 1568 3189 rubricam
1593 3157 1631 3190 de
1657 3157 1804 3197 consuet.
