2451 3470
627 106 1726 172 ORATIO-NE&

110 207 240 250 quam
259 191 307 236 ad
333 190 638 248 simplicitatem
668 204 851 243 naturae,
884 205 906 231 a
939 205 1016 245 qua
1046 203 1147 243 pene

111 250 410 295 desciveramus
447 282 459 303 ,
503 261 698 306 tanquam
748 251 798 291 ab
840 245 968 290 exilio
1001 245 1145 288 redivi-

101 322 212 368 ·mus
230 323 242 362 3
258 307 528 362 cupiditates,
554 322 642 362 quae
660 306 765 348 faces
786 304 1022 348 animorum
1047 302 1149 353 sunt,

118 365 284 408 tandem
319 364 592 417 subsiderunt,
625 363 796 419 indeque
828 362 873 404 in
909 375 1035 402 unum
1052 374 1149 400 eun·

104 422 291 477 ‘demque
324 421 478 465 sensum
513 420 767 472 coaluimus,
799 427 872 471 ut,
904 433 1000 461 cum
1017 415 1151 471 plures

102 478 269 541 sfimus,
303 495 383 522 una
415 491 553 522 tamen
586 489 724 520 mente
749 474 921 518 universi
941 475 1153 525 ducamur,

115 535 161 579 ἃ
193 536 476 579 innocentiam
510 547 630 590 atque
665 532 970 588 simplicitatem
1006 530 1173 584 singuli¹

118 593 366 636 meditemur
398 624 408 634 .
459 593 578 636 Hinc
622 591 668 634 in
717 590 868 633 animis
911 588 1151 631 cun&orum

114 650 338 693 concordia
359 649 468 705 viget
487 649 530 692 &
558 647 732 691 studium
762 646 1030 702 aequalitatis,
1047 644 1152 700 quod

125 707 167 750 in
203 707 452 762 singulorum
487 705 712 759 meroribus
730 704 799 746 diu
823 702 1033 746 inclusum
1049 702 1176 745 hisce·

122 762 338 820 prodendis
382 762 537 818 legibus
579 761 792 816 aperitur,
836 760 1046 816 Siquidem
1098 759 1154 807 jus

121 836 266 864 omnes
298 819 504 870 nostrum,
537 817 580 861 δε
611 817 843 860 voluntates
875 816 1154 859 incommune

123 876 376 934 contulimus
401 907 414 929 ,
454 876 496 918 ἃ
531 873 708 917 univerfi
741 885 862 916 caetus
892 872 1062 916 arbitrio
1099 873 1152 914 rei

120 934 261 977 nostrae
293 931 528 976 communis
559 930 956 975 administrationem
989 930 1032 973 &
1052 930 1153 985 regi-

119 1005 220 1054 men
253 988 509 1045 permisimus
531 1019 545 1040 ,
585 1001 634 1031 ut
665 988 708 1031 in
737 987 907 1044 publico
936 987 1036 1038 jussu
1069 988 1153 1029 vim

121 1048 286 1104 quisque
321 1046 523 1102 propriam
550 1078 563 1099 ,
603 1045 778 1102 jurisque
823 1045 879 1088 sui
922 1044 1153 1100 portionem

127 1104 386 1160 recognoscat
405 1135 415 1145 .
427 1105 484 1146 Et
500 1103 698 1158 quoniam
714 1103 901 1146 voluntas
914 1102 1152 1146 communis

116 1176 191 1217 per
224 1160 401 1217 singulos
427 1160 621 1215 explicari
646 1161 819 1204 minime
842 1161 991 1213 potest,
1026 1175 1154 1215 neque

120 1219 290 1275 fingulis
322 1218 496 1273 negotiis
520 1217 637 1261 omni
659 1230 845 1273 ternpore
866 1216 1048 1260 interesse
1062 1216 1153 1259 uni-

122 1277 226 1320 versi
256 1288 437 1332 queunt,
471 1274 559 1319 ideo
593 1275 640 1317 iis
660 1274 1154 1330 expediendisCustodem

123 1332 540 1389 fingulisOlympiad.
561 1347 745 1379 creamus
760 1364 772 1385 ,
792 1333 908 1389 eique
927 1331 1155 1374 deliberan-

122 1390 161 1455 di
175 1422 187 1444 ,
213 1389 551 1444 consultandique
575 1388 690 1432 causa
707 1390 811 1433 XII.
823 1389 1002 1445 »collegas
1017 1387 1156 1439 adjun-

122 1463 281 1504 gimus:
316 1461 491 1500 quorum
518 1445 747 1490 concilium
765 1479 778 1499 ,
806 1448 904 1504 quia
933 1462 983 1490 ex
1001 1445 1156 1489 custode

123 1517 243 1559 atque
275 1502 445 1559 collegis
465 1502 750 1557 constituitur,
781 1504 1002 1560 collegium
1021 1504 1175 1558 appel-'

125 1560 257 1604 lamus
277 1592 288 1613 ‚
319 1574 365 1603 ut
399 1576 468 1615 per
498 1560 676 1604 custodes
706 1561 749 1604 ἂ
779 1560 1106 1605 duodecimviros
1137 1576 1157 1601 a

117 1618 280 1682 *custode
312 1617 499 1674 legitime
532 1618 691 1660 coa&os
735 1634 795 1662 res
827 1618 1063 1662 communis
1093 1617 1180 1669 ad-v

119 1674 396 1738 ministretur.
432 1676 591 1718 Verum
625 1691 675 1719 ne
710 1675 959 1732 singulorum
980 1675 1181 1718 aneton<

123 1744 209 1797 tas,
239 1731 284 1775 &
313 1748 400 1783 iura
431 1732 672 1775 cunsiorum
707 1733 779 1777 diu
810 1734 854 1777 in
886 1733 1010 1778 cerris
1025 1732 1160 1775 homi-

123 1790 242 1853 nibus
275 1788 480 1843 haereant,
514 1789 617 1832 inita
652 1790 754 1833 ratio
782 1791 862 1844 est,
893 1808 970 1847 qua
987 1789 1158 1833 facultas

124 1861 264 1903 paucis
295 1846 444 1890 tributa
478 1847 612 1890 redeat
642 1848 689 1890 ad
720 1846 901 1904 singulos
926 1881 938 1901 ,
977 1848 1161 1903 gestaque

123 1920 170 1968 af:
201 1903 358 1947 decreta
387 1903 553 1960 collegii
592 1904 645 1947 ad
695 1905 872 1950 universi
903 1920 1033 1950 coetus
1061 1903 1185 1957 judi-v

122 1975 238 2004 cium
272 1973 544 2025 revocentur.
579 1961 676 2005 Ideo
708 1978 796 2018 quae
826 1963 1024 2007 acus’tode
1046 1975 1163 2017 atque

124 2016 446 2060 duodecimviris
478 2019 564 2061 aE‘ta
596 2018 777 2073 fuerint,
813 2036 896 2063 non
930 2021 1048 2064 aliter
1074 2032 1158 2060 rata

127 2088 404 2138 perpetuaque
437 2075 665 2130 habentur,
698 2093 722 2132 q
743 2093 822 2121 iarn
842 2077 1165 2134 postquamjussa

131 2130 307 2194 scitaque
341 2131 430 2195 sunt
461 2132 510 2174 ab
541 2133 731 2176 universo
764 2149 877 2178 coetu
905 2166 917 2188 ‚
963 2135 1032 2191 qui
1056 2134 1160 2177 rela-

135 2200 300 2232 tionum
332 2188 625 2233 audiendarn'm
657 2191 774 2234 causa
807 2191 866 2235 bis
900 2191 1039 2236 saltem
1066 2191 1162 2245 hye-

130 2260 200 2288 me
229 2258 518 2311 convocatur.
566 2249 634 2290 Jta
675 2249 782 2304 quod
815 2247 987 2305 quisque
1020 2249 1166 2292 tribuit

132 2301 251 2346 alteri
280 2319 380 2353 juris
409 2303 468 2366 sui
491 2334 510 2368 .'
540 2319 654 2349 certo
682 2318 872 2360 tempore
901 2307 1051 2362 repetit
1077 2339 1089 2360 ‚
1120 2324 1165 2350 ac

135 2374 359 2425 paucorum
385 2361 690 2406 administratio
715 2363 766 2405 ad
800 2362 994 2415 judicium
1030 2364 1164 2408 revol-

133 2429 248 2459 vitur
277 2418 587 2482 universorum,
615 2434 664 2463 ut
691 2420 793 2463 nihil
814 2422 1015 2465 Arcadico
1030 2423 1166 2465 nomi—

137 2488 188 2516 ne
220 2475 385 2537 prodeat
406 2507 423 2529 ,
465 2477 572 2532 quod
608 2492 698 2521 non
741 2477 800 2529 jus
831 2479 874 2522 δε
904 2480 1166 2523 voluntatem

137 2545 444 2597 omnium-prae
475 2534 510 2578 se
538 2533 670 2579 ferat.
705 2537 768 2579 Ac
799 2551 849 2579 ne
879 2538 1063 2592 oppressa
1086 2536 1167 2588 jam

136 2588 313 2632 ambitio
346 2605 390 2633 in
420 2591 761 2636 animisnostris
802 2593 1027 2649 aliquando
1061 2594 1163 2637 revi-

138 2643 266 2709 rescat
297 2676 328 2710 ‚⁸
350 2648 495 2710 omnia
525 2649 617 2693 'sunt
655 2665 682 2693 ‘e
718 2662 830 2694 coetu
863 2652 996 2695 nostro
1027 2652 1170 2706 gradus

140 2717 188 2745 ac
218 2701 431 2759 dignitatis
475 2706 627 2750 sublata
670 2707 910 2752 discrimina
937 2741 949 2762 ,
1001 2708 1169 2759 proinde

138 2774 186 2802 ac
215 2758 329 2804 decet
361 2760 551 2826 homines
579 2795 592 2817 ,
625 2764 694 2818 qui
727 2764 900 2819 deposita
932 2766 1044 2810 civili
1080 2782 1168 2831 per-

143 2816 237 2860 sona
269 2850 282 2872 ,
315 2819 564 2883 pastoritiam
599 2819 845 2864 induerunt.
880 2824 937 2867 Et
968 2840 1167 2880 quoniam

138 2889 233 2928 eos,
264 2892 335 2931 qui
369 2877 495 2920 vitam
526 2876 771 2921 innocenter
804 2879 1021 2924 instituunt
1044 2914 1056 2934 ,
1087 2881 1168 2935 ipsa

139 2945 278 2976 tuetur
333 2949 402 2989 per
449 2935 484 2979 se
529 2932 707 2987 probitas
732 2965 744 2988 ‚
791 2935 837 2978 ἃ
882 2937 970 2980 satis
1017 2938 1167 2981 muniti

143 2989 234 3033 sunt
265 2992 448 3036 adversus
491 2990 681 3044 injuriam
709 3022 722 3044 ,
763 2991 908 3047 quibus
951 3009 1010 3037 res
1041 3011 1169 3050 angu-
1196 2993 1199 3069 i

139 3046 195 3090 ssa
226 3049 369 3095 sufficit
397 3082 410 3104 ,
457 3049 502 3094 δ(
545 3048 710 3104 proprio
752 3047 887 3093 labore
935 3051 1126 3106 parabilis
1157 3083 1168 3104 ‚

136 3121 275 3167 ‘neque
304 3118 503 3165 appetunt
531 3105 667 3150 aliena
693 3136 711 3160 ⁴,
753 3105 842 3150 ideo
873 3106 978 3152 hisce
1011 3107 1168 3164 legibus

1190 3140 1202 3203 l

1201 184 1461 231 interdifium
1494 181 1610 224 nobis
1639 179 1693 222 est
1736 173 2016 231 potentiorum
2049 179 2231 230 patroci-

1201 246 1270 289 nio
1303 277 1314 298 ,
1346 243 1452 299 quod
1484 241 1526 284 in
1560 236 1782 292 imperium
1819 234 1914 286 saepe
1948 234 2228 277 convertitur.

1201 304 1263 346 Ut
1304 315 1441 344 autem
1485 296 1725 340 animorum
1775 290 1992 335 concordia
2037 305 2228 345 perpetuo

1203 371 1390 406 maneat,
1417 355 1555 399 omnis
1580 369 1601 395 a
1622 364 1731 395 coetu
1755 350 1887 391 nostro
1905 347 2234 390 verborumcon-

1203 418 1331 461 tentio
1364 416 1406 458 ἃ
1438 413 1640 456 ditiorum
1672 406 1861 462 aiperitas
1890 403 2029 459 procul
2058 416 2234 457 arcetur,

1202 492 1247 518 ac
1282 490 1329 516 ne
1361 471 1489 525 iurgia
1523 485 1570 513 ex
1614 466 1793 522 angustia
1839 463 1987 505 finium
2019 461 2233 513 oriantur,

1204 546 1398 574 numerus
1433 528 1634 582 pastorum
1666 523 1714 567 ad
1756 521 1997 577 praediorum
2032 518 2235 561 rationem

1203 590 1245 632 ὃς
1277 601 1496 630 numerum
1530 581 1793 631 describitur,
1825 591 1869 622 ut
1902 577 1966 620 sua
1986 574 2150 632 singulis
2165 589 2236 631 pa-

1205 644 1372 688 storibus
1406 641 1551 697 praedia
1598 640 1809 694 suppetant
1834 667 1844 678 .
1892 634 1996 677 Illud
2031 649 2127 676 vero
2156 647 2238 687 prae

1206 701 1356 745 caeteris
1388 700 1430 743 in
1464 697 1601 741 vestris
1632 694 1823 738 institutis
1856 691 2242 744 laudandum,Ar-

1204 760 1344 811 cades,
1376 755 1483 812 quod
1515 753 1598 809 post
1629 753 1700 796 has
1725 753 1830 806 leges
1859 750 1958 793 latas
1984 749 2122 791 omnis
2136 762 2240 803 prae-

1206 816 1384 858 cluditur
1405 813 1536 856 aditus
1553 810 1701 862 novis,
1736 825 1787 852 ne
1816 808 1952 863 legum
1980 807 2145 849 tandem
2168 803 2241 847 in·-

1208 873 1342 916 finitas
1377 870 1587 914 absurdam
1627 867 1746 911 illam
1791 864 1888 916 juris
1928 863 2242 919 ambiguitatem

1206 931 1400 981 adducat,
1431 943 1510 983 qua
1535 926 1578 969 in
1605 925 1768 969 urbibus
1794 921 2018 965 miserrime
2033 919 2242 964 conflifta-

1208 1001 1296 1030 tur.
1330 986 1495 1029 Crebrae
1521 995 1662 1027 *autem
1694 982 1800 1038 leges
1832 979 1981 1023 indicia
1999 981 2086 1021 sunt
2110 977 2242 1020 incre-

1207 1044 1475 1088 brescentium
1502 1040 1704 1084 vitiorum
1727 1071 1740 1092 ,
1790 1038 1934 1092 quibus
1964 1032 2245 1091 opprimendis

1208 1101 1421 1158 prudentes
1455 1114 1606 1142 novam
1640 1098 1756 1140 novis
1778 1094 1934 1150 legibus
1955 1095 2156 1136 rationem
2172 1105 2245 1144 pro

1206 1172 1389 1213 tempore
1422 1173 1467 1199 ac
1502 1156 1685 1198 moribus
1716 1151 2086 1196 comminiscuntur
2114 1180 2124 1202 .-
2155 1149 2246 1190 Ve-

1207 1217 1331 1258 strum
1364 1230 1460 1257 vero
1492 1212 1579 1265 jus,
1614 1211 1818 1263 Arcades,
1847 1221 1990 1263 patens
2020 1207 2071 1249 est
2093 1204 2247 1248 &sim-

1209 1273 1299 1328 plex
1315 1304 1328 1325 ,
1355 1269 1473 1327 quale
1494 1270 1720 1324 decereos,
1749 1281 1923 1322 quorum
1942 1264 2042 1307 tales
2061 1260 2246 1316 &aperti

1209 1331 1297 1372 sunt
1329 1342 1490 1380 mores,
1522 1325 1592 1382 qui
1625 1358 1636 1378 ,
1669 1323 1834 1368 abstersa
1868 1322 2028 1365 urbanae
2052 1318 2248 1362 ambitio-

1210 1388 1273 1429 nis
1304 1385 1392 1439 labe
1426 1385 1565 1439 sponte
1600 1383 1661 1426 sua
1695 1381 1880 1424 feruntur
1912 1379 1958 1420 ad
1988 1389 2138 1418 naturae
2154 1390 2249 1417 nor-

1212 1459 1352 1496 mam,
1380 1442 1449 1486 cui
1485 1440 1624 1484 redditi
1646 1439 1728 1489 iam
1756 1438 1917 1488 sumus,
1949 1435 2131 1488 undeque
2147 1436 2251 1474 hau-

1212 1500 1331 1543 simus
1371 1511 1492 1555 atque
1534 1496 1781 1551 suscepi-mus
1807 1526 1819 1547 ,
1863 1508 1960 1549 quas
1996 1491 2111 1533 vobis
2144 1489 2251 1541 leges

1215 1557 1357 1601 Latine
1391 1554 1722 1610 conscripsimus,
1755 1566 1920 1608 quaeque
1951 1547 2146 1591 vesti‘isin
2163 1546 2252 1588 ani-

1215 1613 1291 1658 mis
1321 1614 1513 1657 diuturna
1545 1611 1792 1654 innocentiae
1816 1604 2252 1652 consuetudineinhae-

1216 1672 1373 1715 serunt.
1409 1669 1533 1713 Nihil
1558 1668 1676 1712 enim
1708 1667 1776 1710 hic
1795 1666 2008 1715 alienum,
2043 1660 2150 1704 nihil
2181 1675 2252 1704 ex-

1214 1729 1409 1773 trinsecus
1435 1728 1686 1770 arcessitum:
1718 1725 1777 1768 sed
1799 1720 1991 1779 quidquid
2019 1720 2252 1772 est,totum

1215 1786 1439 1829 introrsum
1470 1784 1655 1836 latebat,
1677 1782 1721 1825 ἃ
1747 1797 1796 1824 ex
1823 1779 1941 1823 nobis
1966 1778 2055 1832 ipsis
2077 1776 2254 1830 petitum

1215 1844 1267 1887 est
1289 1875 1304 1897 ‚
1335 1841 1493 1898 ejusque
1529 1840 1656 1885 sensus
1686 1855 1707 1882 e
1737 1838 1941 1882 veteribus
1978 1834 2114 1877 vestris
2132 1847 2254 1876 com-

1220 1900 1429 1944 mentariis
1455 1899 1532 1942 fuit
1559 1907 1775 1941 evocatus.
1800 1899 1936 1949 Atque
1962 1892 2038 1934 hoc
2061 1889 2192 1933 forsan
2204 1903 2255 1932 ex

1219 1957 1421 2001 hodiernis
1450 1955 1633 1999 comitiis
1659 1954 1945 2008 adsequemur‚
1978 1948 2111 2005 quod,
2133 1961 2257 2001 expo-

1220 2016 1298 2058 sitis
1333 2013 1492 2070 publice
1519 2012 1662 2054 nostris
1697 2010 1876 2063 legibus,
1911 2007 2030 2049 facies
2057 2004 2255 2060 quodam-

1221 2072 1342 2115 modo
1357 2088 1402 2114 ac
1429 2069 1634 2124 adspes’tus
1651 2068 1801 2122 patebit
1819 2065 1896 2120 ipse
1914 2062 2073 2107 virtutis
2091 2093 2103 2114 ,
2116 2075 2258 2104 occur-

1218 2143 1359 2184 retque
1379 2127 1509 2172 oculis
1527 2126 1766 2169 adumbrata
1794 2123 1899 2166 hisce
1928 2122 1969 2164 iri
1996 2119 2144 2162 tabulis
2165 2116 2259 2159 vitre

1217 2185 1494 2242 tranquillitas
1513 2215 1532 2238 ,
1559 2197 1610 2227 ut
1636 2214 1649 2235 ,
1690 2181 1760 2237 qui
1797 2180 1940 2235 opibus
1966 2179 2010 2221 δε
2037 2175 2260 2220 honoribus

1218 2242 1499 2290 intumescunt
1525 2272 1541 2295 ‚
1576 2239 1719 2284 sensuri
1750 2238 1832 2295 post
1863 2237 1938 2280 hac
1968 2235 2071 2288 sint,
2102 2243 2261 2288 quanto

1217 2302 1369 2358 praestet
1395 2297 1617 2356 opulentiae
1646 2306 1908 2350 contemptus
1929 2293 2045 2348 ipsius
2071 2324 2083 2345 ,
2114 2304 2260 2346 quam-

1216 2375 1293 2416 que
1337 2357 1408 2400 sibi
1438 2356 1588 2400 ¹ree‘tius
1632 2353 1844 2397 consulant
1874 2383 1884 2402 ‚
1928 2351 1995 2407 qui
2043 2349 2257 2391 literarum

1222 2416 1382 2460 laudem
1401 2446 1412 2464 ,
1443 2413 1556 2465 cuius
1581 2412 1693 2456 causa
1721 2411 1798 2454 hoc
1819 2409 1913 2452 vitae
1939 2422 2064 2462 getius
2090 2401 2266 2447 institui-

1222 2490 1344 2527 mus,
1378 2469 1598 2515 im'beci'ilis
1619 2467 1838 2512 &caducis
1864 2465 2035 2509 fortunae
2064 2461 2178 2506 bonis
2192 2475 2266 2502 an-

1221 2541 1418 2586 teponant
1446 2560 1456 2570 .
1500 2529 1584 2583 Qui
1626 2526 1744 2570 enim
1787 2523 1932 2579 opibus
1961 2519 2266 2565 &ambitione

1218 2599 1380 2634 certant
1407 2618 1420 2638 ‚
1461 2585 1562 2640 saepe
1594 2593 1837 2638 merguntur
1866 2579 2054 2623 fluffibus
2087 2609 2101 2630 ,
2143 2588 2269 2618 arite-

1219 2661 1342 2702 quam
1375 2643 1500 2701 longe
1535 2654 1698 2697 portum
1732 2637 2014 2694 adspexerint,
2045 2651 2090 2678 ac
2137 2632 2163 2674 si
2185 2629 2267 2693 post

1219 2704 1454 2748 diuturnam
1508 2698 1771 2751 {ablationem
1813 2693 2049 2738 emerserint
2081 2725 2092 2745 ,
2151 2688 2258 2732 au8u

1219 2759 1519 2817 dignitatibus,
1550 2755 1771 2810 cupiditate
1800 2751 1918 2796 simul
1948 2763 2152 2806 augentur
2172 2778 2184 2798 ,
2216 2744 2259 2787 &

1223 2819 1284 2875 spe
1326 2816 1475 2867 majori
1520 2813 1774 2857 attolluntur
1805 2842 1817 2863 ,
1864 2821 2059 2861 *metuque
2106 2803 2268 2848 insidia-

1223 2891 1313 2919 rum
1358 2874 1402 2917 δί
1447 2871 1690 2916 aemulorum
1732 2867 2063 2916 excruciantur,
2117 2862 2172 2905 ita
2213 2869 2257 2900 ut

1224 2931 1340 2976 simul
1389 2946 1490 2973 eum
1534 2928 1758 2982 ’impetrata
1800 2922 2003 2979 dignitate
2035 2928 2271 2976 perpetuam

1221 2988 1290 3032 sibi
1333 2985 1667 3030 sollicitudinem
1694 2993 1938 3036 >comparent
1964 2977 2150 3022 homines
2171 2986 2275 3025 prx-

1221 3044 1385 3104 posteri·
1411 3075 1425 3097 ,
1462 3042 1537 3098 vqui
1571 3073 1583 3094 ,
1625 3056 1670 3085 ut
1716 3038 1966 3094 splendorem
2010 3036 2053 3077 δε
2086 3043 2272 3075 commo·

1220 3103 1318 3146 duin
1349 3113 1390 3143 vi
1413 3112 1462 3144 tae
1494 3098 1818 3154 consequantur,
1850 3094 1978 3137 vitam
2011 3090 2135 3146 ipsam
2166 3085 2273 3128 indi·

2182 3155 2268 3197 gne
