2451 3470
750 101 1170 158 OPUS

142 180 196 226 ob
225 177 477 235 optimarum
507 176 661 223 artium
693 178 878 233 studia&
898 177 1172 230 scientiarum,

144 254 192 282 ac
226 238 432 292 praecipuae
465 237 739 293 Pythagorica:
774 233 964 295 dofflrinae
997 233 1175 286 laudem,

146 306 239 339 toto
268 295 364 338 orbe
385 293 684 344 celebrabatur,
717 308 762 334 ac
781 293 830 334 ab
851 291 1047 333 universae
1061 294 1173 334 Grae-

144 352 219 396 ciae
250 351 408 409 populis
442 350 775 406 frequentabatur
799 379 812 400 ‚
846 347 872 390 si
903 359 1054 389 ceteras
1087 363 1174 410 per-

141 424 353 452 curremus
388 407 515 450 ltaliae
549 408 729 462 regiones
756 435 770 458 ,y
800 405 947 460 ubique
981 418 1050 446 aut
1084 413 1171 448 lon—

141 482 195 522 go
227 480 424 509 terrarum
460 464 589 508 traffiu
620 463 910 513 continuatas,
939 474 1008 503 aut
1032 460 1176 516 sparsas

141 523 396 566 offendemus
429 525 666 567 Cir-„ecorum
699 518 882 562 colonias
905 548 914 559 .

197 580 512 623 Commercium
585 575 829 634 populorum
896 574 1173 620 doctrinarum

137 638 388 682 commercia
420 648 699 689 exceperunt,
742 632 785 675 8(
819 633 952 681 Graeci
983 632 1176 676 sermonis

138 695 284 748 usum,
316 695 363 737 ad
395 692 548 736 scholas
579 693 620 734 δι
654 689 837 733 universa
857 688 1072 732 literarum
1098 690 1174 732 stu-

137 751 203 795 dia
236 752 353 794 simul
387 765 482 792 cum
516 748 609 802 ipsis
640 745 768 788 literis
799 744 1028 788 derivatum
1049 777 1064 799 ‚
1085 761 1176 800 pro-

135 821 364 865 pagarunt.
399 804 570 848 Etenim
602 819 623 847 e
654 802 839 853 Graecia,
874 803 940 844 ubi
973 802 1036 845 vel
1062 802 1174 844 insti·

133 878 232 908 tutae
274 865 362 906 sunt
395 894 406 915 ,
449 861 515 904 vel
548 860 722 903 educatae
753 859 946 902 doetrinae
972 890 985 912 ,
1023 859 1174 914 quibus

133 923 217 965 oris
248 920 292 964 Sc
323 918 453 962 animi
490 915 689 960 rusticitas
719 915 881 970 depulsa
914 916 995 968 est,
1026 932 1071 959 ac
1092 915 1172 971 ipsa

132 977 432 1034 propemodum
458 973 717 1018 'humanitas
769 973 931 1016 homini
978 973 1126 1016 tributa
1158 1005 1171 1026 ,

133 1035 394 1080 influxerunt
421 1033 468 1076 rin
503 1032 603 1076 alios
637 1028 832 1087 populos,
863 1031 904 1073 ἃ
937 1030 983 1072 ad
1011 1044 1084 1072 nos
1101 1046 1168 1085 po-

131 1093 330 1137 tissimum
365 1090 481 1134 simul
515 1105 609 1132 curn
641 1091 784 1131 Graeca
818 1087 955 1143 lingua
987 1100 1171 1141 penetra-

130 1164 256 1194 runt.
291 1150 403 1192 Nam
439 1147 556 1190 simul
592 1161 635 1189 ut
668 1146 775 1188 inter
797 1144 1170 1188 Romanosdiluxit

130 1207 369 1264 eloquentia
396 1238 409 1259 ,
452 1217 612 1260 recepta
662 1203 715 1245 est
754 1202 799 1245 in
843 1203 984 1246 urbem
1027 1203 1169 1246 Graeca

129 1264 281 1320 lingua
309 1295 323 1317 ‚
367 1264 409 1306 &
454 1263 492 1304 ei
522 1260 827 1316 quodammodo
872 1259 1015 1302 civitas
1043 1260 1142 1321 ⁸data

128 1323 219 1365 Vix
262 1336 375 1364 enim
422 1320 526 1362 ullus
574 1330 668 1361 ante
714 1318 923 1359 Catonern
969 1331 1167 1366 maiorem

127 1377 353 1435 probabilis
383 1391 521 1420 orator
552 1376 604 1418 est
638 1372 799 1417 habitus
821 1404 831 1416 .
871 1376 996 1416 Hunc
1028 1387 1166 1419 autem

127 1434 362 1486 annisjam
395 1432 627 1477 musceium
657 1431 813 1474 Graecis
845 1430 917 1474 sese
937 1431 1069 1475 literis
1082 1444 1161 1475 tra-

128 1491 267 1535 didiffe
312 1491 447 1534 ferunt
474 1521 484 1534 .
524 1491 666 1544 *Quem
719 1502 877 1534 morem
920 1489 1167 1545 consequens

126 1561 225 1593 aetas
258 1548 316 1592 ita
348 1546 652 1604 frequentavit,
688 1559 730 1590 ut
764 1544 944 1589 solemne
970 1545 1164 1590 essetom-

125 1606 247 1650 nibus
273 1637 286 1660 ,
329 1607 398 1663 qui
443 1604 642 1647 sermonis
681 1604 725 1649 &
757 1618 922 1646 morum
955 1603 1167 1659 elegantiae

125 1663 336 1709 studebant
358 1695 370 1717 ,
402 1661 587 1706 conferre
621 1664 655 1707 le
687 1660 728 1704 in
763 1659 997 1705 Graeciam,
1033 1673 1076 1704 ut
1109 1661 1163 1704 ibi

126 1720 246 1764 simul
279 1736 388 1773 cum,
409 1718 671 1775 Philosophia
713 1717 756 1761 &
786 1717 1018 1772 eloquentia
1050 1719 1165 1761 Grae-

125 1793 185 1822 cae
215 1776 380 1834 quoque
409 1776 556 1832 linguae
589 1777 703 1818 usum
738 1776 1010 1821 addiscerent,
1043 1776 1164 1821 Cele-

126 1835 304 1878 berrima
340 1836 428 1878 sane
461 1834 538 1878 fuit
573 1832 836 1876 Atheniensis
869 1833 1003 1876 schola
1033 1865 1045 1887 ,
1094 1832 1160 1878 ubi

132 1891 398 1947 Philosophia
429 1892 471 1935 ἃ
503 1891 763 1949 eloquentia,
793 1890 959 1947 privatis
975 1904 1160 1935 veterum

122 1948 465 2006 philosophorum
485 1949 822 2004 disputationibus
841 1950 1016 1993 excitata
1033 1981 1043 2001 ,
1059 1949 1158 2004 post—

126 2022 253 2060 quam
289 2008 357 2049 sub
388 2007 533 2051 umbra
577 2005 809 2050 consedisset
833 2037 846 2058 ,
888 2006 1084 2062 migravit
1116 2006 1159 2050 in

122 2062 261 2107 forum
292 2095 303 2106 .
350 2063 523 2106 Pericles
563 2063 676 2107 enim
721 2079 766 2106 ac
797 2061 880 2114 eius
912 2063 1080 2118 a’quales
1111 2066 1161 2107 ab

122 2121 377 2176 Anaxagora
399 2119 569 2163 instituti
585 2152 598 2172 ,
630 2135 724 2162 cum
747 2135 883 2164 rerum
909 2120 1158 2164 naturalium

121 2177 320 2227 notitiam
340 2203 366 2232 .·‚
400 2190 488 2220 turn
520 2176 728 2220 disserendi
762 2178 967 2220 rationem
1000 2194 1045 2220 ac
1075 2177 1159 2221 elo-

123 2235 339 2289 quentiam
374 2235 464 2277 inde
511 2235 766 2289 susceperunt
793 2265 802 2277 .
841 2236 985 2289 ·Quam
1021 2233 1151 2278 Philo-

122 2292 276 2345 1ophiae
309 2306 464 2345 partem
498 2292 799 2334 Socraticorum
835 2291 967 2335 schola
989 2323 1001 2344 ‚
1044 2291 1158 2336 inde-

126 2364 205 2404 que
239 2349 406 2403 profeffi
443 2348 726 2403 Peripatetici,
759 2348 914 2393 summa
947 2364 1041 2393 cum
1072 2348 1156 2393 lau-

121 2405 168 2448 de
204 2419 509 2462 propagarunt.
557 2408 604 2448 In
640 2405 845 2456 Graeciam
890 2419 1028 2449 autem
1072 2422 1157 2452 non

124 2463 306 2506 Comani
353 2464 514 2515 solum,
559 2464 618 2506 sed
662 2464 703 2506 &
748 2463 902 2506 barbari
937 2465 1156 2507 convenie-

125 2519 224 2561 bant
252 2551 264 2572 ,
304 2536 476 2574 quorum
510 2519 672 2564 illustris
706 2520 948 2564 Anacharsis
980 2522 1074 2574 Scyt

122 2577 219 2619 Jmo
251 2576 466 2632 &Regum
502 2578 573 2620 filii
608 2579 654 2620 ad
687 2578 1157 2634 addiscendasjngenuas

122 2646 229 2676 artes
260 2633 301 2686 ἃ
334 2634 564 2687 disciplinas
605 2651 654 2678 eo
698 2637 967 2681 mittebantur
996 2668 1008 2690 ,
1051 2637 1156 2691 quod

120 2690 170 2733 de
190 2691 349 2743 Arryba
372 2692 487 2744 Epiri
517 2707 604 2746 rege
631 2693 751 2735 tradit
775 2694 976 2744 Juslinus.
1011 2696 1156 2737 Hinca

121 2747 279 2790 Graecis
312 2749 592 2799 grammaticis
622 2750 664 2791 ἃ
697 2750 849 2794 criticis
883 2752 1041 2793 inventi
1070 2752 1158 2797 sunt

125 2818 347 2858 accentus,
373 2805 517 2860 quibus
549 2806 591 2846 in
618 2819 849 2851 exterorum
877 2814 988 2851 ulum
1017 2810 1160 2852 verbo-

124 2877 217 2904 rum
248 2862 362 2904 sonus
394 2861 512 2904 certis
535 2862 770 2916 quibusdam
800 2867 980 2908 numeris
999 2866 1158 2909 &tern-

127 2923 293 2975 poribus
334 2919 643 2973 distingueretur
669 2951 680 2962 .
734 2923 867 2973 Atque
905 2924 1082 2966 Athenis
1118 2925 1157 2965 in

127 2975 270 3029 primis
303 2992 385 3018 non
421 2977 542 3018 modo
574 2977 722 3018 candor
753 2977 1158 3039 elocutioniseluxit,

124 3033 169 3077 ἃ
214 3033 436 3088 proprietas
483 3033 770 3076 vocabulorum
801 3065 811 3085 ,
858 3036 916 3076 led
947 3035 990 3078 ἃ
1025 3033 1159 3079 succus

127 3089 199 3135 ille
234 3092 395 3134 nativus
422 3122 433 3142 ,
478 3107 523 3132 ac
556 3089 720 3143 sanguis
752 3091 1009 3148 incorruptus
1035 3124 1049 3146 ‚
1081 3094 1149 3136 mi

230 3147 334 3202 Jani
364 3149 577 3192 Gra-mx.
608 3149 722 3191 Tora.
754 3149 810 3192 II.

1251 101 1301 154 c
1380 100 1436 154 U
1516 104 1562 154 L
1642 103 1726 157 Α..
2158 125 2263 184 ,45

1223 177 1415 231 nimeqne
1448 174 1604 219 fucatus
1633 175 1837 220 orationis
1869 179 1980 223 nitor
2002 215 2012 233 ,
2047 183 2099 227 ibi
2131 201 2265 232 maxi-

1226 248 1290 275 me
1324 232 1581 277 conservatus
1610 235 1664 276 est
1697 235 1740 276 ἃ
1771 236 1984 289 excultus,
2018 256 2137 294 quern
2164 258 2262 288 :etas
2291 288 2299 295 ,

1227 289 1418 343 posterior
1452 292 1568 333 novis
1598 291 1640 333 δί
1664 291 1873 347 exquisitis
1892 300 2148 341 ornamentis
2163 303 2262 344 adeo

1225 346 1428 401 respersit,
1463 361 1507 390 ut
1538 349 1634 391 dum
1671 350 1896 392 sermonem
1925 383 1936 404 ,
1969 353 2045 395 live
2067 357 2263 401 Graecum

1225 405 1302 446 sive
1334 404 1530 447 Latinum
1562 437 1575 458 ‚
1605 406 1761 449 eximia
1796 407 1995 452 suavitate
2027 413 2210 457 condiret
2246 447 2258 467 ,

1226 462 1407 516 vigorem
1439 464 1670 506 extenuarit
1701 496 1712 516 ,
1745 465 1788 507 &
1821 480 1966 509 nervos
2001 470 2164 512 robustae
2198 471 2252 513 san

1225 533 1363 574 naeque
1395 518 1582 562 metionis
1617 521 1831 564 inciderit.
1866 525 2108 568 Atheniensi
2147 528 2259 571 scho-

1225 574 1270 618 1ae
1303 577 1488 630 proxima
1520 576 1597 620 fuit
1630 579 1790 626 Rhodia
1820 611 1832 632 ,
1876 582 2065 636 ingenuis
2107 587 2259 629 artibus

1223 646 1344 687 atque
1376 632 1609 688 eloquentia
1657 636 1746 681 sane
1793 638 2031 692 percelebris
2058 672 2070 692 ,
2111 641 2155 684 &
2189 644 2253 685 vel

1222 691 1274 732 ob
1318 704 1447 751 unum
1491 691 1739 737 Ciceronem
1766 725 1778 747 ,
1822 711 1844 737 a
1886 696 2062 741 Molone
2096 698 2263 743 Rhodio

1224 747 1471 802 perpolitum
1515 748 1558 790 &
1603 753 1813 794 excultum
1845 784 1857 805 ,
1902 753 1990 797 sane
2038 755 2210 812 dignam
2242 789 2254 811 ,

1221 818 1309 860 quae
1345 803 1511 847 summis
1542 804 1725 851 laudibus
1757 809 1965 855 efferatur.

1280 862 1609 906 Discurrentibus
1642 865 1880 910 Alexandro
1914 884 1992 911 una
2020 870 2124 915 duce
2157 887 2253 916 cum

1221 919 1461 980 ¹Graecorum
1493 921 1617 963 armis
1649 924 1775 966 etiam
1808 923 1961 968 artibus
1982 927 2024 970 ὃς
2045 927 2256 983 institutis,

1221 990 1265 1017 in
1317 976 1458 1019 multis
1502 980 1735 1033 regionibus
1783 981 2061 1028 dethmarum
2110 985 2255 1029 scholae

1222 1031 1396 1076 fundatae
1430 1033 1593 1078 fuerunt
1626 1067 1638 1089 ‚
1667 1052 1841 1093 quarum
1875 1040 2137 1086 celeberrima
2170 1042 2250 1087 fuit

1220 1090 1505 1136 Alexandrina
1537 1124 1550 1146 ,
1590 1094 1656 1136 ubi
1689 1097 1881 1151 exemplo
1914 1098 2202 1153 AEgyptiorum
2236 1132 2249 1155 ,

1219 1148 1288 1202 qui
1321 1148 1490 1204 singulis
1521 1151 1675 1194 morbis
1704 1165 1834 1196 certos
1883 1155 2128 1200 adhibebant
2164 1174 2249 1202 me-

1218 1207 1329 1247 dicos
1355 1237 1367 1258 ,
1410 1218 1522 1249 tanta
1566 1206 1642 1250 fuit
1675 1210 1840 1254 medicae
1869 1212 1964 1254 artis
2006 1214 2218 1258 celebritas
2240 1247 2252 1268 ,

1219 1275 1262 1304 ut
1292 1293 1304 1314 ‚
1347 1263 1416 1318 qui
1467 1279 1631 1319 operam
1687 1265 1736 1308 iis
1785 1267 2013 1312 doctoribus
2056 1272 2254 1323 dedisset,

1217 1319 1320 1374 apud
1353 1320 1453 1362 alias
1484 1323 1672 1365 nationes
1705 1322 1748 1364 in
1804 1324 1958 1368 summa
1993 1326 2086 1370 esset
2121 1329 2255 1372 existi-

1217 1377 1399 1421 matione
1430 1377 1622 1421 doetrinae
1645 1410 1654 1421 .
1702 1381 1842 1436 Atque
1871 1381 1954 1426 haec
1986 1397 2031 1426 ut
2059 1384 2256 1440 eloquen-

1217 1433 1273 1477 tia
1305 1434 1642 1491 &Philosophia
1693 1437 1846 1481 cesserit
1881 1439 2034 1483 Atticae
2062 1473 2074 1495 ,
2119 1455 2257 1486 tamen

1218 1491 1299 1544 post
1330 1506 1540 1548 acceptam
1573 1510 1594 1537 a
1617 1493 1769 1539 Christi
1805 1496 2008 1551 discipulis
2041 1514 2175 1542 veram
2195 1516 2254 1543 re-

1217 1548 1441 1604 ligionem,
1474 1551 1710 1597 divinarum
1742 1552 1879 1608 legum
1909 1556 2248 1610 interpretatione

1217 1606 1497 1664 sacrarumque
1528 1609 1836 1664 disciplinarum
1869 1614 2106 1666 cognitione
2141 1629 2248 1658 cete-

1215 1679 1275 1706 ras
1308 1664 1428 1722 longe
1462 1667 1692 1720 superavit.
1725 1669 1839 1712 Hinc
1871 1670 1982 1712 enim
2016 1670 2057 1714 δι
2093 1671 2250 1715 subtili-

1211 1737 1258 1764 or
1288 1722 1582 1780 interpretandi
1617 1727 1720 1770 ratio
1743 1756 1755 1777 ,
1799 1726 1841 1769 &
1874 1743 2047 1771 acumen
2082 1728 2269 1773 investi-·

1212 1780 1367 1832 gandi,
1399 1783 1441 1825 δι
1473 1783 1799 1836 disputandi-vis
1817 1797 1904 1827 orta
1922 1785 1999 1827 est.
2033 1785 2250 1829 Hinceru-

1211 1837 1314 1880 ditio
1333 1839 1385 1881 est
1407 1840 1584 1895 prosefi‘ta
1606 1839 1812 1893 sele5’tior,
1838 1857 1924 1896 quae
1937 1842 2092 1886 abditos
2105 1845 2247 1886 Theo-

1214 1892 1329 1950 logiae
1362 1896 1697 1942 sensus-recludit
1721 1928 1735 1949 ,
1765 1898 1806 1940 ἃ
1839 1900 2069 1943 divinitatis
2100 1916 2246 1945 arcana

1212 1952 1387 2009 resignat
1420 1987 1429 1997 .
1462 1956 1576 2001 Hinc
1612 1970 1796 2001 veterum
1831 1969 1992 2012 patrum
2025 1958 2239 2001 erutlitii‘ii-

1210 2025 1301 2052 mus
1331 2011 1531 2055 Clemens
1575 2012 1879 2056 Alexandrinus
1921 2014 2101 2068 extitit,
2149 2016 2246 2059 hinc

1208 2067 1437 2123 Origenes,
1472 2070 1572 2113 hinc
1605 2086 1707 2114 verae
1738 2085 1783 2112 ac
1810 2071 2053 2125 incorruptae
2081 2071 2244 2128 religio-

1212 2123 1274 2166 nis
1319 2139 1565 2180 propaaator
1611 2127 1654 2170 ὃς
1686 2143 1871 2171 errorum
1907 2128 2125 2171 vehemens
2148 2145 2239 2172 exa-

1207 2182 1358 2236 gitator
1389 2183 1636 2230 Athanasius
1680 2185 1827 2238 prodiit
1855 2217 1864 2228 .
1909 2188 2021 2229 Hinc
2054 2187 2238 2240 Cyrillus

1207 2254 1319 2281 arrna
1353 2240 1531 2296 viresque
1566 2241 1699 2284 sumsit
1733 2243 1773 2284 in
1797 2244 2033 2293 Nestorium
2067 2259 2244 2288 conten-

1207 2296 1353 2340 dendas
1381 2329 1390 2340 .
1436 2299 1513 2342 His
1554 2298 1719 2355 aliisque
1766 2299 1842 2341 viis
1885 2302 2028 2343 Gzaeca
2069 2303 2243 2345 eruditio

1207 2354 1250 2396 in
1280 2370 1425 2399 omnes
1455 2369 1653 2400 terrarum
1686 2371 1775 2399 oras
1805 2355 1953 2413 dilapsa
1979 2358 2059 2411 est3
2094 2359 2244 2413 postea-

1205 2426 1282 2467 que
1313 2444 1327 2465 ,
1371 2414 1571 2457 translato
1611 2414 1659 2456 ad
1691 2415 1857 2456 Graecos
1905 2430 1974 2468 per
2006 2416 2245 2459 Constanti-

1196 2483 1306 2524 num
1341 2469 1515 2524 imperio
1549 2502 1560 2524 ‚
1592 2471 1776 2514 doeirina
1809 2473 2047 2515 Graecorurn
2077 2505 2088 2526 ‚
2122 2473 2243 2529 longe

1207 2525 1365 2583 lateque
1398 2528 1686 2583 peregrinata,
1721 2530 1753 2574 se
1787 2529 1833 2570 ad
1853 2524 2001 2571 ’natale
2037 2530 2162 2573 solum
2183 2547 2241 2574 re-

1208 2586 1370 2626 vocavit
1392 2615 1403 2636 ,
1435 2584 1478 2627 ὃς
1509 2586 1729 2640 obrepente
1764 2586 1946 2629 barbarie
1966 2587 2106 2630 sensim
2125 2589 2238 2630 elan·

1206 2640 1294 2694 guit
1322 2672 1334 2693 ,
1368 2653 1411 2684 ut
1441 2642 1702 2686 efferatorum
1736 2642 1959 2689 hominum
1991 2645 2115 2688 armis
2145 2661 2239 2690 exa·

1210 2698 1343 2753 gitata
1376 2700 1607 2743 concideret
1628 2733 1638 2744 .

1268 2756 1369 2798 Non
1404 2757 1553 2800 mirum
1590 2758 1717 2813 igitur
1738 2790 1749 2812 ,
1783 2758 1809 2800 si
1840 2760 2078 2802 Graecorum
2101 2759 2240 2815 lingua

1209 2813 1312 2867 apud
1344 2830 1487 2858 omnes
1518 2817 1634 2858 omni
1669 2828 1850 2869 tempore
1891 2816 1968 2858 suit
2001 2817 2235 2869 incolumis,

1209 2870 1300 2924 quia
1329 2901 1341 2923 ,
1387 2874 1576 2926 quamvis
1616 2873 1810 2915 diuturno
1850 2874 2015 2927 imperii
2063 2874 2239 2929 praesidio

1212 2926 1329 2969 suerit
1360 2928 1570 2983 destituta,
1605 2942 1743 2972 tamen
1779 2929 1913 2972 studiis
1933 2931 2238 2984 disciplinarum

1209 2985 1404 3040 copiaque
1464 2986 1663 3029 librorum
1700 3019 1712 3040 ,
1760 3003 1804 3029 ac
1867 2988 2104 3030 inventione
2147 3003 2237 3030 om-

1212 3042 1324 3084 nium
1368 3044 1517 3084 artium
1568 3043 1610 3086 ἃ
1654 3043 1895 3086 facultatum
1947 3045 2157 3099 ingentes
2191 3059 2236 3088 ac

1209 3111 1342 3141 aetates
1372 3099 1559 3144 manavit
1591 3101 1841 3199 universas?
1871 3102 1989 3156 Quod
2024 3101 2237 3201 securigurn

2174 3170 2243 3200 1·ae-
