2451 3470
119 119 235 175 140
713 101 781 153 V.

121 181 263 234 lingua
298 175 425 221 sensus
459 176 544 219 suos
577 175 776 229 aperuerit
802 204 814 226 ,
850 171 1045 215 letiorem
1079 188 1162 216 non

121 237 170 280 sit
202 237 444 280 inventurus
475 233 578 288 apud
616 232 818 286 Hispanos
851 260 862 280 ‚
908 229 1053 271 Gallos
1078 261 1091 282 ,
1122 231 1165 272 ὃ(

117 295 356 336 Germanos
379 291 470 343 ‚·ad
501 304 603 346 quos
635 302 779 331 omnes
815 285 936 328 nostri
973 286 1166 328 sermonis

117 350 214 392 usus
246 348 473 391 increbuit.
510 348 568 388 Ut
601 358 741 388 autem
777 343 952 385 nostram
975 342 1164 397 linguam

125 405 252 449 Italia
284 404 394 448 finiri
437 402 704 446 concedamus
735 416 747 452 3
799 415 849 442 an
884 413 969 440 non
1002 399 1167 441 Gallica

129 462 248 506 nobis
281 461 416 516 praesto
459 460 575 510 erit,
622 472 710 511 quae
752 455 964 497 Borealem
995 472 1167 498 omnem

129 511 246 563 oram
267 516 510 569 occupavit,
539 514 583 556 Sc
604 529 683 555 una
709 528 803 554 curn
819 511 1036 554 Gallorum
1054 528 1164 555 coin-

132 575 291 619 mertiis
323 573 385 616 vel
419 573 464 614 ad
501 570 785 612 remotissimas
817 582 1016 611 terrarum
1037 570 1166 623 regio-

132 648 205 676 nes
235 629 413 675 excurrit
442 632 456 670 ἓ
491 629 544 669 Et
575 626 688 668 libris
718 625 920 668 conversis
953 637 1136 668 veterum
1157 656 1166 670 .

132 688 402 742 omniumque
438 682 679 738 populorum
715 681 871 736 scriptis
902 681 1063 724 Gallice
1081 681 1166 723 red-

135 745 230 788 ditis
251 777 262 797 ,
294 743 373 794 jam
405 741 540 794 copias
571 738 614 781 ἃ
651 750 894 780 ornamenta
924 738 1165 781 cuneiarum

137 816 239 856 pene
273 800 503 853 linguarum
546 794 728 839 exhausit
760 809 773 847 ;
817 795 871 839 ita
906 807 949 836 ut
978 794 1015 836 ei
1040 825 1052 846 ‚
1090 795 1164 850 qui

132 858 326 901 Latinam
373 853 434 896 vel
474 852 744 895 intermiserit
769 882 781 903 ,
825 849 888 893 vel
934 851 1128 905 ablegarit
1156 883 1167 904 ‚

137 930 219 957 una
238 912 398 957 Gallica
430 911 548 965 possit
578 906 820 951 eruditionis
840 907 1036 950 universae
1054 922 1163 949 cam-

136 986 235 1024 pum
269 967 445 1023 aperire.
480 968 581 1020 Quae
612 965 725 1008 enim
758 976 876 1006 antea
903 977 1167 1019 praeterquam

136 1026 297 1069 Latinis
331 1024 521 1079 patebant
564 1020 762 1074 nemini,
807 1035 918 1063 nunc
949 1034 1167 1073 occurrunt

136 1084 180 1125 &
213 1082 420 1125 collucent
451 1078 669 1132 omnibus,
701 1092 787 1119 non
810 1075 938 1119 solum
963 1076 1084 1129 viris,
1107 1076 1167 1119 sed

135 1139 180 1183 ἃ
212 1139 420 1181 foeminis:
456 1152 551 1179 cum
585 1133 688 1180 nihil
724 1133 842 1177 hodie
875 1145 959 1175 tam
990 1133 1168 1176 solemne

132 1196 182 1239 ‘sit
214 1196 319 1249 apud
332 1207 565 1245 matronas,
597 1207 720 1247 quam
753 1190 798 1233 de
825 1189 1028 1233 Marianis
1052 1191 1190 1233 Con»

137 1252 329 1295 sulatibus
377 1251 420 1293 &
451 1249 618 1303 Syllana
651 1246 944 1301 Proscriptione
973 1246 1168 1301 discepta-

138 1309 225 1352 tio.
258 1308 450 1352 EMPer
470 1306 675 1361 teigitur‚
710 1303 906 1354 Procule,
938 1303 1168 1359 relifflspa-

139 1367 231 1409 triis
250 1366 399 1408 finibus
414 1397 427 1417 ,
457 1363 504 1405 ad
523 1375 682 1406 exteros
705 1374 772 1405 tua
794 1360 906 1403 natio
921 1360 1169 1416 commigra-

138 1424 224 1466 bit.
258 1424 321 1464 Ut
345 1455 356 1474 ‚
388 1435 513 1476 quum
547 1419 667 1462 fasces
699 1418 780 1468 jam
811 1417 878 1459 diu
911 1417 1169 1471 transalpinis

138 1478 383 1522 hominibus
416 1474 677 1520 submiseritis
706 1506 720 1528 ‚
755 1474 939 1522 linguam
971 1475 1164 1517 omnium

128 1537 242 1582 -olim
267 1535 459 1592 gentium
492 1532 706 1576 dominam
723 1563 734 1584 ,
768 1529 982 1573 muricem
997 1530 1164 1588 populo·
1186 1586 1189 1588 μ

134 1608 233 1637 rum
259 1625 272 1647 ‚
305 1606 525 1635 commune
560 1590 776 1632 nationum
805 1587 1022 1631 vinculum
1055 1619 1067 1641 ,
1100 1604 1167 1631 ex-

132 1649 341 1705 tinguatis
369 1665 384 1690 ε
433 1648 475 1690 8(
501 1679 512 1700 ,
544 1647 649 1702 quod
683 1661 810 1688 unum
857 1644 1030 1702 superest
1059 1658 1173 1688 vetu-

129 1708 201 1750 ssae
232 1704 447 1757 majestatis
474 1715 792 1747 monumentum
810 1733 821 1754 ,
845 1701 1058 1744 evertatis.
1083 1703 1168 1744 Ve—

139 1780 232 1808 rum
264 1778 315 1806 ne
349 1774 387 1805 te
419 1761 466 1803 ad
497 1761 556 1812 jus
589 1760 776 1816 gentium
805 1774 994 1802 revocem
1023 1791 1037 1812 ‚
1070 1773 1171 1800 neve

139 1820 215 1864 tibi
249 1818 369 1875 patrii
403 1817 470 1860 soli
505 1818 718 1862 caritatem
753 1814 956 1858 inculcem
988 1832 1003 1867 1,
1044 1829 1171 1869 utque

141 1876 322 1920 dederim
349 1875 535 1918 'rfistorias
564 1874 607 1917 ὅτ.
647 1872 829 1915 scientias
865 1872 1065 1927 popularis
1099 1873 1170 1914 ser-

136 1934 278 1978 monis
309 1932 397 1978 luce
432 1932 520 1974 satis
551 1928 624 1973 esse
653 1928 739 1980 ,jam
771 1942 980 1984 promptas
1006 1945 1020 1982 3
1068 1928 1169 1972 inte-

139 2005 313 2044 gramne
345 1990 387 2032 in
409 1988 555 2032 aliena
581 1986 729 2042 *lingua
760 1998 937 2029 oratores
963 1986 1011 2028 ὅτ.
1045 1999 1170 2038 poetae

139 2046 349 2102 propriam
386 2045 634 2088 venustatem
667 2043 710 2085 ἃ
741 2042 988 2096 elegantiam
1024 2043 1190 2084 retine-⁴

140 2105 283 2147 bunt?
317 2104 418 2144 Non
453 2113 489 2143 te
524 2100 627 2154 fugit
656 2099 778 2143 >inesse
812 2099 960 2154 linguis
991 2099 1169 2142 colorem

138 2161 390 2217 praecipuum
423 2158 466 2201 ὃς
500 2158 705 2209 nitorem,
741 2155 1069 2211 scriptoribusque
1091 2155 1163 2198 sin«

139 2217 250 2275 gulis
283 2216 455 2259 inditam
487 2215 560 2258 esse
605 2213 778 2269 patriam
823 2213 1097 2255 urbanitatem
1128 2213 1170 2254 ὃ(

142 2274 333 2317 nativum
368 2273 572 2327 leporem,
602 2271 671 2326 qui
705 2269 916 2325 peregrino
937 2269 1169 2324 linguarum

141 2331 313 2387 ingenio
344 2328 620 2382 corrumpitur
655 2343 666 2380 3
709 2327 765 2370 ita
796 2340 840 2368 ut
872 2326 1070 2381 ingenuus
1098 2325 1170 2368 ille

143 2387 222 2431 flos
253 2387 495 2442 eloquentiae
529 2384 743 2427 convulsus
772 2398 794 2425 e
830 2382 912 2425 solo
946 2384 1013 2424 suo
1039 2383 1172 2425 statim

141 2444 369 2495 exarescat,
401 2458 445 2485 ac
477 2457 671 2497 germana
705 2439 833 2482 virtus
863 2438 1068 2482 orationis
1098 2455 1169 2482 eit-

139 2498 272 2545 ternis
304 2499 487 2542 moribus
506 2497 757 2540 obliniatur.
792 2496 973 2539 Partium
990 2512 1166 2552 namque

137 2556 373 2614 complexio
405 2587 417 2609 ,
460 2555 676 2598 verborum
708 2553 948 2607 compositio
974 2585 986 2607 ‚
1030 2553 1173 2607 sonuS,

144 2615 189 2658 δί
223 2612 410 2664 numeri,
443 2611 588 2666 quibus
619 2623 704 2653 tota
735 2611 890 2653 constat
921 2610 1079 2653 dicendi
1107 2625 1173 2654 ve·

142 2673 305 2723 nufias,
337 2668 634 2722 dissolvuntur,
664 2667 706 2709 &
733 2667 821 2721 ipsae
845 2682 1003 2722 quoque
1019 2666 1176 2710 senten-

143 2730 209 2771 tiae
239 2726 510 2771 conciduntur
541 2725 584 2767 Sc
615 2737 891 2775 enervantur3
923 2739 968 2765 ac
989 2723 1108 2778 vigor
1131 2724 1175 2766 &

147 2784 349 2840 adspeSms
380 2780 623 2836 eloquentia>
655 2779 804 2822 nativae
837 2778 952 2821 novis
972 2779 1176 2823 &exteris

146 2841 351 2885 coloribus
380 2838 587 2880 inducitur
610 2837 653 2879 ἃ
677 2836 883 2879 aboletur:
911 2836 995 2878 imo
1010 2836 1175 2889 scripto·

899 96 1743 156 GRAVINAE

1215 173 1440 228 gligentia‚
1473 175 1560 229 vel,
1593 177 1698 232 quod
1733 192 1815 220 non
1849 193 1938 223 raro
1957 181 2106 225 accidit
2128 215 2140 237 ‚
2166 183 2246 228 ins-

1217 232 1359 284 peritia
1384 246 1393 271 τ
1437 232 1497 274 vel
1524 234 1618 287 quia
1649 235 1856 288 peregrina
1886 236 2024 292 lingua
2050 243 2249 284 Romanae

1216 300 1283 329 aut
1302 289 1453 329 Graecae
1478 290 1621 343 copia,
1653 293 1836 333 ubertate
1860 309 1906 335 ac
1933 297 1974 336 vi
2009 297 2144 339 minus
2161 296 2253 352 ple-

1218 357 1387 398 rumque
1418 345 1628 398 respondet
1654 376 1661 386 .
1713 350 1867 389 Verum
1899 349 1959 392 fac
1985 363 2028 394 ut
2053 353 2254 400 interpres

1215 402 1383 442 eandem
1407 402 1696 455 xenustatem‚
1730 419 1776 445 ac
1799 406 2010 448 veritatem
2043 407 2086 450 ἃ
2105 401 2248 452 san‘ita-

1218 468 1301 498 tem
1316 457 1513 499 orationis
1534 458 1666 500 aliena
1694 458 1833 513 lingua
1862 463 2101 515 reddiderit3
2129 464 2193 508 fac
2209 478 2253 508 ut

1217 513 1421 566 popularis
1450 527 1655 568 percurrat
1687 545 1698 563 ,
1737 518 1938 572 quousque
1975 521 2151 562 Romani
2177 522 2252 564 ser-

1219 569 1352 611 monis
1379 570 1608 623 amplitudo
1633 571 1897 624 diffunditur3
1921 575 2027 626 spem
2045 588 2150 618 certe
2165 577 2256 620 diu·-

1218 626 1426 666 turnitatis
1453 657 1464 676 ,
1508 642 1595 681 quae
1619 643 1641 668 a
1671 629 1826 670 Graecis
1867 630 1909 672 δί
1936 632 2093 673 Latinis
2123 631 2251 677 literis

1216 682 1438 723 ostenditur
1453 714 1464 733 ‚
1485 685 1706 736 peregrinis
1733 700 1941 740 nunquam
1965 688 2155 742 attinges.
2174 691 2251 732 La-

1219 738 1305 779 tina
1332 740 1441 780 enim
1473 739 1612 791 lingua
1628 742 1915 784 Romanorum
1945 744 2124 788 armis&
2140 761 2255 789 com-

1220 794 1369 836 mercio
1396 793 1510 837 simul
1537 811 1631 838 cum
1658 797 1834 848 imperio
1865 799 1906 837 in
1932 815 2074 839 omnes
2089 800 2169 839 fere
2184 817 2254 840 or-

1219 851 1276 892 bis
1300 864 1500 895 terrarum
1528 850 1711 905 regiones
1739 853 1965 901 penetravit
1990 882 2002 905 ,
2033 853 2077 895 &
2103 854 2250 908 ubique

1215 906 1472 949 disseminata
1496 907 1550 950 est
1565 939 1576 959 ‚
1601 907 1738 961 sparsis
1758 920 1876 962 atque
1895 910 2018 952 etiam
2034 910 2255 953 continua-

1219 964 1268 1006 tis
1284 963 1377 1016 saepe
1400 963 1575 1005 coloniis
1593 994 1605 1014 ,
1631 964 1827 1017 praecipue
1855 979 1950 1007 vero
1962 980 2185 1020 ⁴propagata
2199 966 2254 1010 est

1220 1022 1257 1059 ὅ(
1276 1019 1510 1062 conservata
1525 1019 1676 1072 legibus
1703 1033 1822 1074 atque
1842 1019 2001 1070 judiciis
2018 1054 2029 1075 ,
2050 1037 2124 1065 nec
2139 1023 2255 1067 enim

1221 1075 1366 1118 licebat
1387 1076 1472 1128 lege
1502 1091 1644 1129 agere,
1677 1089 1745 1118 aut
1779 1078 1818 1118 in
1850 1075 2000 1126 judicio
2023 1079 2255 1132 respondere

1219 1133 1323 1186 apud
1357 1136 1595 1185 Roma-num
1626 1133 1907 1188 magi-stratum
1942 1135 2150 1189 peregrina
2177 1135 2257 1177 lin-

1219 1205 1295 1244 gua
1312 1220 1325 1241 ‚
1357 1203 1486 1243 neque
1502 1188 1561 1232 fas
1580 1202 1666 1231 erat
1688 1190 1985 1244 magistratibus
2014 1190 2056 1233 in
2088 1192 2255 1246 provin-

1219 1247 1291 1288 ciis
1313 1245 1469 1288 reddere
1490 1243 1548 1295 jus
1574 1245 1646 1287 nisi
1674 1248 1841 1289 Latine..
1872 1246 2085 1291 solemnes
2109 1261 2256 1293 autem

1221 1302 1414 1345 formulas
1446 1303 1622 1345 vetitum
1646 1315 1733 1345 erat
1762 1304 1972 1358 peregrina
2002 1305 2139 1358 lingua
2164 1321 2258 1348 cor·

1220 1374 1406 1412 rumpere
1423 1389 1432 1399 .
1462 1359 1575 1402 Nam
1603 1358 1780 1415 quisquis
1796 1359 2049 1404 formulas&
2064 1362 2182 1404 verba
2198 1363 2258 1405 ci-

1223 1417 1319 1459 vilia
1338 1414 1629 1468 labefaciaffet‚
1658 1415 1690 1458 is
1715 1432 1845 1471 neque
1871 1419 2136 1462 contrahebat
2149 1418 2257 1461 obli-

1221 1474 1428 1526 gat-ionem
1454 1471 1540 1522 jure
1557 1471 1705 1525 civili,
1739 1489 1868 1530 neq-ue
1893 1474 2153 1525 dissolvebat,
2176 1490 2255 1518 nec

1223 1529 1408 1572 heredem
1426 1529 1528 1572 reE’te
1544 1529 1796 1573 instituebat.
1839 1533 1887 1573 ln
1911 1532 1999 1574 solis
2012 1532 2126 1574 enirn
2142 1532 2256 1575 fidei-

1222 1587 1442 1631 commissis
1468 1585 1659 1630 utilitatis
1685 1586 1812 1629 caussa
1839 1587 2016 1632 relaxata
2036 1589 2089 1631 est
2112 1588 2256 1632 severi-

1224 1656 1281 1685 tas
1305 1643 1573 1696 juriscivilis3
1597 1643 1654 1686 ita
1685 1657 1728 1685 ut
1745 1658 1951 1699 receptum
1968 1644 2116 1698 fuerit,
2142 1645 2257 1688 here·

1223 1701 1312 1742 dem
1340 1700 1544 1743 instituere
1568 1699 1701 1743 verbis
1728 1700 1904 1756 obliquis
1928 1718 1941 1742 τ
1988 1717 2074 1756 quae
2099 1702 2256 1745 direRis

1221 1769 1487 1812 opponuntur
1503 1757 1607 1808 ‚five
1625 1757 1842 1801 civilibus:
1862 1758 1907 1800 de
1922 1758 2066 1812 quibus
2082 1759 2144 1809 (a)
2159 1774 2254 1803 cum

1223 1827 1339 1855 antea
1372 1813 1650 1866 dubitaretur,
1678 1828 1735 1854 ari
1761 1815 1900 1857 eadem
1931 1814 2107 1868 fuerint,
2140 1815 2257 1864 dubi,-

1223 1870 1422 1914 tationem
1445 1884 1614 1912 omnem
1637 1869 1787 1912 sustulit
1804 1870 1978 1926 Ulpiani
2007 1871 2107 1921 liber
2121 1874 2251 1925 Regu.

1220 1927 1380 1979 larum,
1411 1927 1476 1968 ubi
1512 1927 1863 1970 fideicommissum
1889 1928 2104 1970 definitur:
2139 1929 2251 1982 quic-

1223 1985 1320 2038 quid
1339 2001 1412 2025 non
1435 1984 1568 2026 verbis
1593 1984 1806 2035 civilibus,
1828 1984 1899 2036 sed
1918 1985 2108 2039 precariis
2132 1986 2256 2026 relin-

1223 2043 1378 2095 quitur.
1405 2042 1468 2083 Es<
1488 2056 1568 2096 quo
1594 2039 1691 2082 licet
1707 2040 1906 2093 colligere
1927 2073 1938 2093 ,
1967 2041 2086 2083 verba
2105 2040 2248 2083 civilia.

1220 2099 1358 2140 eadem
1385 2097 1458 2140 esse
1481 2113 1526 2140 ac
1546 2097 1720 2140 directa:
1747 2112 1893 2152 nempe
1915 2108 2026 2141 more
2042 2098 2252 2152 imperan-

1222 2156 1271 2196 tis
1295 2155 1511 2197 enunciata
1547 2170 1556 2195 :
1604 2154 1748 2208 quibus
1779 2154 2026 2209 implebatur
2063 2153 2258 2209 quicquid

1221 2227 1267 2254 ex
1302 2210 1383 2261 jure
1416 2210 1528 2253 civili
1557 2242 1570 2261 ,
1599 2211 1681 2254 sive
1713 2227 1761 2254 ex
1797 2211 1949 2265 legibus
1974 2213 2077 2254 ΧΗ.
2103 2210 2256 2253 Tabul.

1220 2267 1479 2310 descendebat
1509 2300 1517 2309 .
1551 2269 1689 2323 anue
1723 2267 1820 2322 legi-s
1851 2269 1968 2310 uerba
1995 2268 2258 2310 dicebantur.

1223 2325 1344 2367 Unde
1383 2325 1627 2367 testamenta
1655 2356 1667 2376 ‚
1711 2340 1798 2380 quae
1844 2337 1932 2367 'unt
1965 2326 2121 2378 privata
2152 2339 2259 2378 quae-

1224 2382 1316 2423 dam
1367 2381 1429 2423 lex
1464 2412 1476 2433 a
1540 2381 1669 2423 verbis
1722 2381 1878 2424 direfilis
1920 2396 2080 2435 quoque
2126 2381 2255 2423 confi-

1225 2439 1434 2480 ciebantur
1462 2453 1473 2490 3
1521 2439 1607 2489 (b)
1640 2438 1764 2480 veluti
1792 2454 1807 2478 >t
1854 2438 1994 2479 Titius
2025 2438 2129 2478 heres
2159 2435 2256 2490 esto.

1225 2494 1352 2537 Astus
1395 2494 1520 2549 igitur
1559 2495 1736 2549 legitimi
1767 2525 1781 2546 ‚
1824 2494 1892 2547 qui
1937 2493 1980 2535 δί
2012 2493 2260 2541 solemnibus

1224 2553 1355 2594 verbis
1415 2551 1708 2604 peragebantur
1747 2581 1758 2602 ,
1821 2565 1967 2604 nempe
2023 2553 2260 2604 emancipa..

1223 2608 1285 2651 tio
1322 2640 1337 2661 ‚
1375 2616 1461 2650 'aut
1512 2606 1771 2659 acceptilatio
1807 2637 1819 2658 ‚
1886 2605 2118 2649 hereditatis
2174 2608 2259 2650 adi-

1226 2664 1283 2707 tio
1311 2696 1323 2717 ,
1360 2663 1457 2706 servi
1490 2666 1602 2718 optio
1628 2695 1639 2716 ‚
1671 2664 1781 2704 datio
1811 2664 1956 2704 tutoris
1981 2695 1992 2713 ,
2028 2664 2124 2705 servi
2160 2662 2259 2707 libe-

1226 2723 1328 2763 ratio
1359 2752 1371 2773 ,
1403 2720 1560 2763 Latinis
1594 2720 1722 2762 verbis
1755 2720 2065 2775 praescriptisque
2098 2719 2258 2762 formu-

1227 2776 1276 2819 lis
1307 2777 1674 2831 exprimebantur.
1721 2778 1813 2818 Imo
1857 2791 1907 2818 ne
1952 2776 2129 2830 legatum
2164 2775 2257 2830 qui-

1226 2834 1318 2877 dem
1366 2834 1519 2875 Graecis
1545 2833 1672 2875 verbis
1698 2834 1801 2875 re5’te
1841 2833 2142 2888 relinquebatur
2174 2834 2257 2875 U·-

143 2900 203 2944 εἰς
238 2896 366 2942 sensus
391 2894 474 2951 ipse
498 2894 743 2950 pervertitur
764 2891 1001 2948 interpretis
1025 2893 1091 2936 vel
1106 2909 1176 2937 ne·
1229 2891 1341 2945 piani
1373 2903 1554 2946 tempore
1576 2922 1590 2945 ³
1621 2890 1727 2950 quod
1757 2902 1808 2935 ex
1837 2891 1963 2946 capite
1996 2905 2064 2945 25.
2096 2888 2256 2932 Institu-

677 3105 881 3115 ——-—.

156 3173 167 3181 „
190 3143 250 3183 (a
262 3144 281 3183 )
300 3139 416 3180 cujac.
444 3142 508 3183 leg.
533 3137 641 3174 Verbis
666 3118 825 3173 civilibus·
842 3136 880 3182 ff
897 3139 934 3172 de
946 3141 1039 3182 vulg.
1052 3137 1180 3181 &pua

2099 2947 2253 2992 tionum

1659 3090 2258 3113 -..m-..rw

1273 3138 1294 3178 ζ
1310 3138 1332 3172 Ὢ
1354 3138 1374 3178 )
1397 3136 1508 3175 Cuia:-
1537 3148 1588 3170 ιι.
1615 3135 1744 3179 O'Jserv.
1772 3144 1840 3179 cap.
1860 3144 1913 3176 35.

1229 3100 1336 3111 -—
