2451 3470
167 118 269 168 162
781 111 848 164 V.

163 188 324 232 &arunt
356 186 582 232 Ecclefiam
611 219 620 230 .
665 190 730 230 Ut
761 200 900 229 autem
931 183 1062 241 magis
1094 184 1201 229 hanc

163 246 412 301 opinionum
436 245 677 291 discordiam
697 244 873 297 alerem,
906 258 953 285 ac
967 241 1199 296 veritatem,

970 109 1817 175 GRAVINAE

1223 185 1427 254 ,tinentes
1456 201 1554 231 eum
1587 187 1789 245 scripturae
1822 190 2003 246 sensum,
2033 208 2158 250 quem
2183 194 2279 240 sim·

1223 243 1409 308 {plicitas
1439 245 1636 289 orationis
1667 261 1957 303 expromeret,
1991 250 2052 294 sed
2083 251 2210 296 etiam
2232 253 2277 296 in

163 319 244 360 quo
276 301 427 359 possem
469 304 641 347 artificio
685 315 816 357 tegere
839 332 852 349 ,
894 300 991 344 duxi
1040 300 1194 356 semper
1223 309 1288 345 're
1330 302 1537 358 perspicua
1569 335 1581 355 ,
1629 304 1786 359 semper
1828 305 1937 349 aliud
1971 318 2040 362 per
2071 309 2281 356 subdolam

163 361 357 404 homines
390 376 459 416 per
491 362 661 416 abrupta
690 360 733 402 &
765 357 881 401 devia
906 389 917 411 ,
945 358 1108 410 ,reflam
1141 357 1197 401 se·
1243 359 1288 402 &
1318 359 1601 416 importunam
1633 361 2017 418 interpretationem
2041 380 2278 411 exerentes,

163 418 314 462 mitam
345 418 586 462 obstruendo
621 449 630 459 .
665 418 727 458 lta
757 415 871 460 enim
904 415 1199 459 consueverunt

167 476 441 532 interpretes,
473 491 539 518 me
573 474 787 526 suadente,
820 472 1056 528 scripturam
1071 489 1196 528 expo-

167 550 261 578 nere
287 565 300 588 ,
346 546 388 576 ut
420 533 519 576 certi
553 546 765 587 nunquam
795 529 949 585 aliquid
980 531 1199 574 constitua-

166 604 232 634 tur
261 623 273 644 ,
316 590 417 646 quin
449 589 530 632 alio
561 588 694 631 statim
741 587 926 643 opposito
958 587 1049 632 loco
1080 589 1199 644 possit

166 647 299 692 everti
335 679 344 689 .
388 649 503 690 Nam
546 661 639 689 cum
671 661 717 688 ea
750 645 796 687 fit
826 644 984 701 optima
1015 645 1198 688 veritatis

167 703 428 750 inveniendae
458 702 590 756 ratio,
621 717 710 759 quae
741 702 883 755 docet,
915 714 959 745 ut
992 702 1096 745 nihil
1130 702 1193 745 ad-

167 763 362 807 mittatur
392 761 436 804 in
469 761 638 813 animo,
672 758 744 802 nisi
769 760 875 814 quod
899 759 1123 816 simplicius
1137 759 1200 813 sit,

172 819 216 863 ὅ(
251 830 436 870 certum,
467 832 516 861 ex
548 833 629 873 quo
660 816 802 860 deinde
823 849 834 869 ,
866 817 974 873 quasi
1009 833 1077 872 per
1107 833 1197 873 gra·

171 877 242 919 dus
274 875 512 919 deveniatur
537 876 585 917 ad
618 874 750 916 aliud:
787 874 892 917 banc
916 874 986 929 ipsi
1008 890 1197 917 normam

167 931 471 988 neglexerunt,
503 932 547 975 &
569 948 620 975 ex
641 932 823 987 pluribus
845 931 941 974 locis
965 932 1140 975 obscuris
1154 948 1198 975 ac

167 990 370 1043 ambiguis
420 988 539 1032 simul
575 988 725 1033 coafflis
758 1001 910 1032 certam
945 1005 991 1032 ac
1024 990 1198 1039 ,firmam

166 1049 340 1092 eduxere
375 1048 616 1090 veritatem.
648 1048 749 1100 Quae
782 1046 883 1089 ratio
909 1045 1024 1101 pestis
1044 1047 1096 1088 est
1113 1063 1197 1088 ma-

167 1105 283 1149 xima
315 1104 533 1156 doetrinae,
567 1103 762 1159 siquidem
795 1119 843 1146 ex
871 1103 1051 1166 pluribus
1081 1104 1123 1146 ἅ
1153 1103 1206 1145 si·-

166 1160 337 1205 milibus
380 1161 582 1215 ambiguis
615 1192 626 1213 ‚
671 1174 937 1215 quantumvis
981 1175 1199 1204 numerum

164 1235 310 1263 eorum
333 1220 553 1274 adaugeas,
583 1217 687 1260 nihil
717 1234 911 1273 umquam
938 1218 1200 1273 certipoterit

166 1276 265 1319 oriri
301 1308 310 1318 ,
368 1277 480 1319 Cum
513 1275 657 1332 igitur
698 1274 807 1318 locos
851 1275 943 1318 illos
985 1276 1200 1330 ambiguos

165 1333 331 1390 quisque
355 1349 425 1388 pro
448 1333 514 1376 suo
534 1332 703 1397 ingenio
725 1333 1063 1387 interpretaretur
1078 1365 1089 1385 ,
1108 1347 1198 1376 eve—

165 1403 257 1444 nit,
290 1405 335 1434 ut
362 1406 463 1433 varii
490 1405 620 1432 varias
648 1406 719 1444 pro
742 1402 1199 1445 variainterpretatione

168 1447 389 1492 sententias
412 1447 624 1491 efferrent.
657 1449 751 1490 Huc
772 1447 952 1499 accedit,
985 1446 1199 1501 quodcum

166 1520 260 1548 raro
306 1505 469 1560 quisque
511 1505 725 1561 deponat,
774 1505 880 1560 quod
922 1504 1046 1559 longo
1075 1504 1201 1546 studio

166 1561 450 1615 comparavit,
482 1562 548 1618 qui
582 1562 629 1604 ad
662 1562 780 1604 fidem
809 1560 1046 1614 accedebat,
1079 1576 1200 1604 occu-

169 1633 287 1674 patus
317 1618 486 1670 alicujus
520 1618 629 1662 se&ae
659 1619 855 1670 decretis,
888 1618 1090 1674 scripturae
1115 1617 1199 1662 sen-

167 1676 229 1720 sus
260 1675 525 1733 detorquebat
557 1677 603 1719 ad
635 1676 878 1731 opinionem
904 1707 916 1729 ,
949 1691 1072 1731 quam
1107 1691 1202 1731 prae-

165 1747 332 1788 ceperat
358 1766 370 1787 ,
413 1749 489 1778 nec
523 1733 556 1776 se
592 1733 824 1789 scripturae,
869 1733 929 1777 sed
963 1733 1201 1788 scripturam

163 1790 234 1835 sibi
261 1790 518 1843 subjiciebat.
548 1791 661 1834 Hinc
686 1803 798 1844 erat,
824 1803 894 1844 ut,
918 1791 1023 1846 quod
1036 1790 1201 1846 quisque

167 1847 295 1892 vellet
328 1880 340 1901 ,
371 1847 688 1903 deprehenderet
719 1848 763 1891 in
794 1848 925 1892 verbis
951 1847 1127 1900 divinis,
1159 1847 1202 1891 ὃ(

165 1918 324 1950 erueret
357 1905 479 1957 inde,
509 1905 616 1962 quod
647 1917 837 1960 cuperet,
869 1921 945 1961 ope
969 1904 1201 1958 dialeSticae,

164 1978 254 2019 quae
285 1978 421 2007 comes
451 1963 504 2006 est
536 1962 667 2005 nostra
696 1963 900 2006 fidissima
938 1963 1202 2006 Praetereattot

163 2020 459 2076 interpretandi
493 2035 641 2075 genera
674 2019 764 2063 sunt
797 2020 993 2072 inventa,
1026 2034 1071 2063 ut
1093 2033 1198 2062 tam—

162 2093 289 2133 quam
324 2077 506 2133 plurima
540 2077 638 2120 retia
671 2077 891 2120 tendantur
923 2110 935 2132 ,
968 2077 1074 2134 quod
1104 2077 1201 2120 binc

162 2134 308 2190 effugit
339 2167 352 2186 ,
386 2133 487 2178 illuc
518 2147 686 2186 cogatur
718 2135 920 2178 incurrere
947 2167 959 2189 ,
991 2151 1038 2177 ac
1067 2134 1202 2190 quivis

166 2191 298 2236 sensus
332 2192 357 2234 fi
389 2207 472 2236 una
505 2191 569 2234 via
602 2207 686 2234 non
720 2193 896 2235 successit
925 2223 938 2246 ,
971 2191 1052 2235 alia
1086 2193 1201 2246 possit

162 2247 355 2301 occupari
375 2280 384 2290 .
418 2247 499 2302 Qui
525 2249 677 2291 etenim
706 2248 853 2304 placita
879 2249 942 2293 sua
966 2264 1048 2292 non
1076 2250 1202 2304 potest

164 2319 184 2349 e
220 2305 423 2364 scripturis
449 2304 592 2348 elicere
615 2321 682 2360 per
703 2307 1085 2360 interpretationem
1109 2323 1200 2361 pro-

163 2362 355 2418 prietatis
390 2362 681 2406 vocabulorum
702 2395 714 2418 ,
747 2364 961 2420 confugiet
993 2365 1040 2407 ad
1065 2378 1201 2419 tropos

166 2419 209 2462 Sc
244 2419 529 2476 metaphoras,
562 2419 628 2464 hic
659 2420 687 2464 fi
718 2422 938 2465 obstrusius
970 2422 1024 2465 est
1055 2422 1198 2474 aditus,

165 2476 340 2521 divertet
383 2477 432 2520 ad
474 2477 732 2533 analogicum
778 2479 967 2532 sensu1n3
1012 2479 1038 2521 si
1071 2495 1199 2534 neque

161 2533 265 2578 hinc
297 2534 455 2578 exitum
491 2535 689 2590 reperiat,
721 2537 896 2592 undique
931 2537 1127 2592 patebunt
1157 2535 1199 2578 δί

165 2604 385 2635 occurrent
415 2591 642 2646 allegoriae,
675 2609 764 2649 quae
783 2594 906 2637 deesse
931 2609 1014 2636 non
1043 2594 1199 2646 possunt

165 2663 376 2704 unquam,
409 2649 579 2693 cuilibet
609 2650 721 2693 enim
755 2666 803 2694 ex
836 2651 903 2694 suo
935 2650 1108 2707 ingenio
1136 2666 1199 2694 eas

166 2705 381 2749 efformare
414 2705 577 2760 licebit,
610 2719 655 2750 ut
686 2707 790 2751 nibil
823 2707 905 2758 jam
937 2708 1095 2751 facilius
1128 2709 1198 2761 sit,

164 2778 289 2819 quam
321 2762 495 2806 humani
530 2763 685 2820 ingenii
720 2777 879 2819 partum
915 2765 1114 2820 scriptume
1140 2767 1198 2809 di-

166 2819 276 2863 vinae
309 2820 562 2875 supponere.
594 2822 681 2864 Has
711 2834 846 2865 autem
882 2822 964 2866 vias
995 2824 1072 2867 late
1106 2824 1196 2866 stra—

167 2876 231 2920 vit
263 2877 461 2935 Origenes
488 2909 500 2931 ,
543 2879 611 2934 qui
647 2878 807 2930 liberius
842 2881 1004 2934 proprio
1037 2881 1198 2924 indulsit

164 2934 336 2990 ingenio
370 2967 382 2990 ,
432 2951 478 2979 ac
510 2951 532 2979 a
564 2937 744 2992 genuino
777 2937 977 2992 scripturae
1009 2939 1118 2982 sensu
1151 2938 1198 2980 ad

167 2993 353 3037 can’mm
400 2992 444 3036 δε
497 3006 702 3037 remotum
755 2995 903 3040 avertit
963 2997 1156 3041 homines

164 3051 301 3104 Quem
335 3050 478 3094 deinde
512 3051 634 3095 secuti
681 3052 768 3095 sunt
794 3050 860 3097 'illi
893 3069 1037 3110 omnes
1068 3087 1080 3108 ,
1129 3056 1196 3111 qui

168 3106 238 3152 fibi
269 3123 350 3165 prae
381 3107 471 3153 aliis
504 3107 636 3166 sapere
668 3109 740 3154 visi
773 3110 862 3156 sunt
894 3128 1105 3170 nunquam
1139 3130 1199 3159 re-

1245 418 1323 481 ΗΞ
1356 433 1453 461 vero
1483 418 1728 463 subtilitates
1775 422 1819 464 ὅ(
1861 422 2029 477 argutiae
2061 438 2279 480 rerumque

1245 474 1403 531 caligo.
1435 491 1485 519 ex
1541 475 1812 521 inventorum
1868 477 2062 524 varietate
2094 482 2280 525 conflata

1244 543 1359 575 arma
1392 534 1649 588 praebuerunt
1683 535 1787 578 Ario
1819 536 1954 579 nostre
1988 567 2001 588 ,
2033 536 2177 591 quibus
2206 539 2280 582 do-

1245 589 1423 633 &rinam
1444 590 1491 633 de
1522 592 1732 636 Trinitate
1765 592 1982 648 perspicuis
2014 594 2056 636 in
2071 596 2279 640 novoTe-
2316 599 2318 601 ’

1245 646 1444 690 stamento
1471 649 1602 691 verbis
1625 649 1847 705 expressam
1869 663 2146 706 oppugnaret.
2179 653 2281 697 Haec

1245 704 1341 747 duas
1386 704 1427 747 in
1461 705 1626 750 Christo
1670 707 1856 763 personas
1899 722 1967 762 per
2012 708 2286 763 Nestorium,

1247 777 1372 804 unam
1416 775 1606 808 naturam
1657 781 1726 819 per
1757 765 2067 819 Euthychetem
2109 766 2283 810 affinxe-

1248 831 1365 862 runt:
1402 821 1500 863 Haec
1532 822 1704 865 alteram
1734 823 1770 865 ei
1805 822 2069 866 voluntatem
2092 838 2160 877 per
2177 822 2276 866 Μό-

1249 876 1469 939 nothelitas
1499 879 1763 922 ademerunt.
1797 880 1874 923 His
1907 880 2101 923 humanis
2133 879 2281 935 praesti-

1248 934 1326 996 gii-s
1358 947 1496 989 captus
1538 936 1578 979 δ(
1605 937 1800 992 Origenis
1851 935 1989 992 spiritu
2021 935 2282 992 compulsus,

1249 1006 1359 1041 cuius
1392 993 1641 1036 ramusculus
1661 1010 1681 1035 a
1705 995 1970 1048 Hieronymo
2004 1008 2280 1049 nuncupatur,

1250 1047 1433 1103 Pelagius
1460 1081 1471 1102 ,
1531 1049 1734 1105 originale
1793 1063 2003 1106 peccatum
2056 1052 2099 1093 &
2143 1052 2283 1106 gratiae

1250 1107 1521 1149 necessitatem
1551 1139 1564 1160 ,
1607 1108 1848 1160 abnegando
1881 1105 2038 1149 Christi
2071 1121 2281 1160 mortem,

1249 1162 1440 1205 inutilem
1471 1177 1592 1219 atque
1625 1165 1783 1207 irritam
1818 1165 2014 1208 reddidit.
2047 1165 2146 1207 Haec
2165 1164 2282 1208 deni-

1248 1234 1324 1274 que
1346 1220 1498 1263 Christi
1533 1237 1706 1277 regnum
1743 1238 1842 1276 pene
1878 1234 2282 1276 perverterunt,no-

1251 1277 1308 1320 bis
1340 1293 1436 1320 vero
1471 1278 1616 1322 solium
1638 1280 1874 1322 extulerunt
1893 1278 2123 1322 excelsum.
2154 1279 2280 1322 CAS.

1252 1333 1413 1377 Videris
1446 1348 1488 1379 tu
1520 1336 1625 1379 mihi
1673 1335 1847 1386 eiusdem
1892 1337 2037 1379 erroris
2069 1336 2278 1379 maculam

1248 1391 1478 1446 adspergere
1510 1393 1637 1436 etiam
1682 1394 1827 1437 sanffis
1871 1393 1956 1436 illis
2002 1393 2047 1436 δε
2078 1392 2281 1437 veteribus

1250 1448 1438 1492 Ecclefiae
1471 1451 1653 1507 patribus
1683 1451 1998 1504 &dofi‘toribus3
2031 1466 2127 1492 nam
2148 1449 2280 1505 &ipsi

1251 1518 1446 1561 magnam
1479 1508 1800 1562 disputationum
1836 1522 1993 1563 partem
2025 1523 2046 1551 e
2069 1506 2280 1563 pbilosop-

1251 1563 1354 1606 hicis
1385 1563 1567 1608 fontibus
1598 1565 1879 1617 deduxerunt,
1912 1566 1955 1609 ὃς
1979 1580 2001 1608 e
2023 1565 2192 1608 Platone
2210 1580 2282 1620 po-

1250 1620 1448 1665 tissimum
1475 1655 1488 1675 ,
1531 1638 1552 1666 e
1597 1621 1706 1673 cujus
1750 1623 1933 1666 docf’trina
1963 1623 2131 1665 uberem
2163 1636 2282 1677 argu-

1251 1691 1488 1723 mentorum
1509 1679 1670 1735 copiam
1689 1681 1974 1736 excipiebant.
1995 1679 2284 1723 HAEKSum-

1250 1735 1384 1778 serunt
1414 1735 1485 1791 ipsi
1514 1769 1527 1791 ,
1574 1735 1728 1789 fateor,
1762 1753 1784 1780 a
1811 1738 1993 1781 dostrina
2013 1735 2282 1792 philosopho-

1250 1808 1341 1836 rum
1375 1808 1458 1836 non
1487 1809 1618 1850 pauca
1641 1825 1654 1846 ,
1698 1807 1836 1837 tamen
1869 1794 1916 1837 ad
1950 1794 1988 1837 id
2020 1793 2115 1837 non'
2137 1792 2279 1849 sponte

1252 1851 1473 1894 veniebant
1500 1883 1513 1904 ,
1574 1850 1636 1893 sed
1676 1851 2001 1894 ab-adversariis
2044 1850 2283 1906 provocati,

1252 1922 1336 1951 non
1368 1907 1493 1952 libere
1519 1940 1532 1962 ,
1576 1906 1637 1951 sed
1669 1908 1796 1951 coaffi
1821 1941 1833 1961 ,
1875 1925 1922 1952 ac
1953 1924 2010 1951 ea.
2030 1907 2111 1951 tela
2142 1907 2282 1950 intor-

1249 1964 1454 2021 quebant,
1486 1980 1570 2009 non
1602 1977 1646 2007 ut
1677 1966 1922 2009 adstruerent
1954 1981 1999 2008 ac
2031 1964 2121 2008 fidei
2138 1963 2283 2008 funda-

1250 2035 1391 2066 menta
1423 2022 1604 2067 locarent
1637 2054 1648 2074 ,
1694 2022 1755 2066 sed
1800 2035 1842 2065 ut
1873 2035 2069 2066 conatum
2098 2020 2287 2071 adversa·-

1252 2080 1407 2124 riorum
1438 2081 1733 2136 reprimerent,
1765 2080 1907 2136 eosque
1929 2077 2278 2136 caperentiisdem
2322 2120 2325 2122 .

1252 2137 1430 2194 laqueis,
1460 2153 1560 2194 quos
1593 2137 1812 2180 tendebant
1832 2137 1949 2192 aliis,
1982 2136 2281 2192 falsitatemque

1249 2195 1430 2239 delerent
1461 2196 1601 2240 iisdem
1649 2195 1774 2237 armis
1798 2227 1810 2248 ,
1857 2210 1945 2251 quae
1989 2195 2031 2238 in
2063 2194 2281 2238 veritatem

1249 2268 1365 2296 erant
1399 2255 1630 2297 intentata:
1667 2253 1863 2296 Praeterea
1896 2251 2280 2309 philosophiamad-

1249 2310 1436 2354 dicebant
1467 2311 1558 2354 fidei
1596 2324 1792 2364 tanquam
1830 2310 2025 2354 ancillam
2058 2322 2178 2365 atque
2209 2324 2280 2364 pe·

1248 2367 1497 2424 dissequam,
1529 2384 1615 2424 quae
1649 2367 1757 2410 nibil
1780 2383 1847 2423 per
1862 2369 1896 2411 se
1925 2379 2060 2423 ageret
2079 2381 2279 2423 unquam,

1252 2427 1308 2468 sed
1343 2427 1498 2469 cederet
1529 2439 1648 2482 atque
1683 2439 1837 2480 pareret
1870 2425 2077 2480 imperiis.
2109 2424 2202 2467 Nec
2216 2437 2281 2467 ta-

1251 2497 1343 2526 men
1377 2482 1445 2527 hic
1471 2484 1656 2527 desinunt
1685 2483 1824 2525 nostrae
1839 2482 2034 2535 fallaciae,
2067 2496 2164 2524 nam
2178 2480 2280 2525 alias

1248 2540 1465 2584 struximus
1495 2540 1700 2597 graviores
1720 2571 1729 2581 .
1765 2541 1826 2581 Ut
1858 2539 1971 2582 enim
2006 2538 2121 2594 pestis
2152 2538 2279 2594 serpe-

1251 2612 1310 2642 ret
1343 2597 1465 2641 latius
1492 2629 1504 2649 ,
1551 2613 1634 2640 non
1668 2597 1710 2638 in
1745 2595 1826 2639 sola
1856 2596 2129 2651 disputatione
2161 2596 2277 2652 regni

1250 2656 1370 2699 nostri
1398 2652 1674 2698 ‘fundamenta
1707 2652 1840 2697 locavi
1867 2687 1880 2709 ,
1913 2655 1975 2698 sed
2005 2654 2053 2697 ad
2077 2653 2279 2698 clamores

1246 2715 1288 2757 ἃ
1321 2713 1503 2766 strepitus
1529 2711 1806 2755 disserentium
1832 2743 1843 2765 ,
1893 2711 1980 2756 vim
1999 2711 2125 2756 etiam
2155 2723 2277 2767 atque

1248 2769 1478 2827 potentiam
1524 2768 1821 2824 imperantium
1861 2768 1988 2821 adjeci
2019 2801 2030 2811 .
2072 2770 2277 2813 fortiores

1245 2828 1359 2873 enim
1403 2827 1555 2871 viribus
1598 2827 1641 2869 ἃ
1688 2827 1829 2882 opibus
1870 2826 2117 2871 valentiores
2167 2826 2278 2873 ‚hinc

1245 2884 1497 2929 occasionem
1547 2885 1848 2940 arripuerunt,
1890 2885 1931 2928 ἂ
1976 2888 2155 2940 'regnum
2181 2884 2277 2928 affe-

1237 2944 1407 3000 1&arunt
1432 2976 1444 2996 ,
1493 2959 1588 2987 cum
1631 2942 1805 2998 quilibet
1847 2942 2019 2985 studium
2063 2930 2277 2995 religionis

1188 3028 1197 3039 ·
1234 3001 1497 3056 'praetendens
1535 3033 1547 3054 ,
1610 3000 1778 3044 cuilibet
1839 3000 1950 3044 seS’lae
2008 2998 2275 3053 propaganda:

1247 3059 1388 3102 ducem
1442 3059 1513 3101 sese
1565 3057 1826 3102 fortissimum
1882 3055 2054 3113 praebuit
2085 3087 2097 3107 ,
2148 3057 2277 3100 armis

1248 3116 1435 3161 adversus
1467 3116 1567 3162 aiios
1599 3115 1724 3160 illatis
1755 3149 1768 3171 ‚
1809 3130 1937 3172 eoque
1967 3112 2144 3159 artificio
2176 3128 2280 3214 cgn-

1589 3180 1597 3186 .
2238 3179 2282 3214 03
