2451 3470
201 126 265 182 2³8

204 202 365 246 &urum
388 228 399 253 ,
431 193 586 254 petiisse
609 212 629 238 a
656 197 820 239 Senatu
839 193 1002 236 veniam
1025 189 1126 246 legis
1142 192 1272 234 Voco-

209 259 311 312 niae,
341 270 470 313 quam
493 266 606 297 cer-te
629 253 805 296 veniam
837 266 918 294 non
945 250 1147 305 petiisset,
1180 247 1267 292 sile-

206 331 276 373 ges
293 328 436 358 omnes
459 310 638 354 habebat
667 311 709 352 in
738 309 801 351 sua
831 308 1052 364 potestate„
1083 318 1153 348 aut
1172 304 1276 348 sica-

569 121 712 173 DE
804 115 1354 175 ROMANO
1437 114 2012 169 IMPERIO.

1453 248 1493 290 C
1556 249 1595 289 A
1658 247 1688 288 P
1748 246 1790 286 U
1851 247 1895 288 T
2021 246 2242 291 XXVIII.

213 389 307 417 rum
334 369 524 427 potestate
556 383 639 410 non
663 367 925 418 habebatur3
962 365 1021 406 sed
1036 368 1227 406 docemur
1240 378 1281 404 e-
1332 366 1395 408 De
1425 362 1656 406 azifloritate
1687 361 1889 412 Senarus,
1920 359 1978 403 (9²
2000 357 2203 415 potestatis
2231 358 2369 403 civilis

218 431 320 474 tiam
338 444 386 472 ex
410 427 523 469 libris
546 425 644 476 juris
664 455 675 476 ‚
713 424 852 466 teneri
873 422 1077 476 principes
1093 420 1177 475 lege
1194 420 1279 462 Fal-

219 486 323 532 cidia
353 486 396 529 δε
420 484 506 541 lege
532 482 674 525 Glicia
702 480 748 523 de
771 480 894 522 inoff.
909 479 1060 521 testam.
1078 479 1140 531 (a)
1160 476 1202 519 δε
1224 488 1276 519 te-

222 540 490 588 stamentariis
510 538 695 595 pluribus
717 538 783 590 (b)
803 533 969 591 aliisque
983 536 1174 578 omnibus
1191 565 1204 586 ,
1238 533 1278 575 in

222 601 368 658 quibus
403 596 658 641 nominatim
693 609 778 636 non
814 606 901 636 erat
933 606 1149 647 exceptum
1179 622 1190 642 ‚
1226 606 1275 633 ne

229 668 495 702 tenerentur:
532 666 573 694 ut
596 669 643 695 ex
668 652 769 707 legis
790 650 928 706 Regiae
948 649 1081 704 capite
1104 649 1176 690 isto
1187 647 1275 691 eol·

232 715 401 770 ligitur.
434 714 545 755 Nam
578 710 766 765 quamvis
798 719 1103 750 contemtarum
1143 705 1276 758 legum

231 770 440 825 Principes
467 782 636 823 ‚poenam
669 781 752 808 non
778 764 955 808 subirent
975 795 987 816 ‚
1023 763 1096 805 nisi
1117 761 1278 817 quando

230 846 254 872 a
301 829 450 870 Senatu
503 824 631 878 capite
679 821 863 864 damnati
895 837 987 864 cum
1023 820 1105 862 vita
1139 822 1272 872 Impe-

233 885 342 929 rium
373 885 416 928 δι
453 880 667 938 privilegia
702 878 823 934 ipsius
854 878 1132 928 amitterent;
1169 891 1281 918 vere-

241 942 386 986 cundia
426 954 563 983 tamen
596 940 693 982 dum
727 939 973 991 imperarent
995 935 1201 991 &pudore
1215 931 1286 975 ob-

239 1001 470 1056 ligabantur
501 997 558 1047 (c)
590 997 633 1039 ὃς
664 993 859 1048 opinione
887 994 1046 1037 civium
1071 993 1196 1034 tacito
1216 1004 1286 1032 eos

238 1057 387 1110 judicio
420 1054 714 1111 plec’oentium:
748 1051 889 1094 Paullo
924 1050 976 1104 siq
990 1048 1126 1091 uidem
1144 1046 1286 1099 (dhu-

244 1115 357 1167 dice‚
391 1112 450 1165 is,
483 1112 553 1167 qui
585 1112 684 1166 leges
707 1107 839 1162 facit,
868 1108 959 1163 pari
976 1104 1283 1159 majestatelegi-

1487 421 1534 461 in
1566 420 1780 466 militarem
1812 434 1857 460 ex
1885 419 1971 469 jure
2002 418 2190 460 Gentium
2211 447 2222 459 .

1340 533 1398 633 ς
1423 533 1516 577 Aris
1559 533 1686 576 adhuc
1718 531 1964 576 ostendimus
1991 562 2003 584 ‚
2045 531 2280 585 potestatem
2311 528 2371 573 ci-

1338 612 1362 634 μ
1435 590 1559 632 vilem
1592 590 1640 632 ad
1675 592 1972 644 Imperatorem
2005 601 2186 631 creatum
2217 602 2301 629 non
2322 586 2373 628 ab

1334 647 1414 702 ipsa
1446 646 1650 690 creatione
1684 662 1850 690 manare
1876 677 1890 699 ‚
1935 645 1994 688 sed
2026 661 2048 687 a
2080 645 2119 687 S.
2155 644 2196 686 P.
2228 646 2282 698 Q.
2316 644 2369 686 R.

1334 703 1546 746 voluntate
1581 703 1688 745 suam
1717 705 1753 747 ei
1777 703 2022 753 maiestatem
2043 700 2371 752 munimentis,

1334 761 1483 816 partim
1520 761 1721 804 tradendis
1756 760 2085 815 magistratibus,
2129 758 2371 813 partim‘rc·

1335 817 1514 872 petendis
1547 818 1643 871 legis
1676 818 1792 868 hujus
1826 818 1965 873 Regia:
1985 815 2207 870 capitibus.
2241 815 2371 857 Nunc

1329 875 1492 917 duriora
1512 875 1762 918 tentabimus
1777 907 1788 927 ‚
1827 889 1944 929 atque
1968 871 2262 916 contendemus
2277 901 2290 924 ‚
2322 885 2375 914 ne

1333 932 1496 987 quidem
1533 932 1760 988 Imperium
1792 931 1891 974 illud
1926 931 2102 973 militare
2123 928 2203 972 sola
2225 927 2373 971 volun-

1336 1002 1415 1030 tate
1448 989 1632 1032 militum
1664 989 1709 1031 in
1744 987 2007 1041 Imperatoris
2041 986 2205 1042 persona
2223 984 2374 1028 consti-

1337 1045 1417 1088 risse
1452 1046 1530 1088 line
1563 1048 1601 1087 S.
1634 1048 1685 1087 C.
1718 1061 1797 1100 quo
1831 1045 1955 1088 totius
1992 1042 2243 1098 Reipublicae
2272 1057 2375 1085 con-

1337 1103 1464 1146 sensus
1498 1102 1798 1158 proferebatur.
1833 1102 1952 1155 Quod
1986 1114 2071 1143 tam
2102 1099 2256 1149 exjurc
2274 1114 2375 1154 gen-

241 1172 312 1214 hus
352 1170 465 1212 debet
497 1169 752 1222 obtemperare
788 1197 798 1207 .
832 1166 955 1207 Porro
989 1176 1031 1206 ut
1065 1161 1218 1217 reliqua
1247 1161 1287 1202 S.
1337 1160 1438 1202 tium
1463 1193 1474 1212 ‚
1509 1175 1630 1213 quam
1664 1175 1713 1202 ex
1747 1158 1828 1209 jure
1864 1162 2054 1201 Romano
2089 1155 2371 1210 comprobabi-

241 1230 295 1271 C.
326 1226 443 1279 hujus
474 1224 761 1280 expediamur,
794 1222 939 1265 habere
964 1222 1162 1262 Senatum
1184 1217 1280 1261 lice-
1337 1232 1452 1259 mus,
1485 1216 1695 1271 Siquidem
1729 1215 1812 1266 jure
1844 1216 2029 1271 gentium
2061 1215 2260 1257 exercitus
2289 1228 2378 1268 pars

238 1286 307 1328 bat
341 1283 635 1340 magistratibus
670 1278 918 1331 majoribus,
951 1277 1120 1332 ideoque
1151 1274 1281 1318 etiarn
1336 1275 1389 1316 est
1420 1274 1598 1316 civitatis
1625 1305 1637 1325 ‚
1669 1274 1733 1316 cui
1766 1272 1969 1316 ministrat
1997 1304 2008 1324 ‚
2042 1272 2231 1326 cujusque
2263 1282 2380 1324 pote·
2415 1318 2426 1327 ,

243 1342 486 1386 Praetoribus
513 1372 524 1392 ,
570 1339 595 1381 fi
634 1338 735 1381 urbe
778 1337 946 1379 aberant
973 1367 985 1387 ‚
1033 1333 1102 1389 qui
1143 1330 1286 1382 majori
1338 1330 1430 1372 state
1463 1331 1698 1374 continetur
1730 1347 1742 1383 3
1787 1347 1879 1373 cum
1912 1330 1960 1371 ad
1995 1329 2107 1372 usum
2142 1329 2261 1383 Reip.
2294 1326 2375 1369 mi-

245 1414 342 1444 cum
364 1396 536 1452 imperio
558 1396 705 1439 essent.
739 1393 857 1448 Quod
877 1392 936 1444 jus
960 1390 1090 1436 etiam
1113 1388 1317 1444 Principi³
1346 1387 1437 1431 lites
1470 1388 1801 1439 conscribantur,
1843 1388 2013 1442 ducique
2044 1387 2090 1429 ad
2126 1387 2243 1440 Reip.
2277 1401 2378 1429 con-

247 1455 465 1508 tribuitur,
497 1454 539 1497 &
569 1451 832 1496 tribuendum
858 1461 949 1493 erat
973 1465 1021 1492 ex
1041 1447 1157 1504 lege3
1193 1462 1290 1488 cum
1343 1444 1611 1488 servationem
1645 1458 1714 1488 aut
1744 1444 2079 1500 propagationem
2117 1456 2250 1487 creato
2265 1458 2377 1486 corn-

245 1529 334 1558 non
363 1513 525 1556 veniret
557 1527 578 1553 a
610 1524 780 1553 munere
814 1506 1078 1562 Imperatoris
1106 1536 1115 1546 .

248 1571 338 1627 lege
369 1585 468 1626 opus
488 1568 657 1620 habuit,
688 1579 732 1609 ut
755 1564 876 1620 posset
895 1577 1039 1619 cogere
1060 1562 1258 1604 Senatum
1278 1590 1291 1612 ‚

241 1627 409 1684 quando
425 1625 697 1669 Consulatum
714 1637 795 1665 non
812 1635 970 1677 gereret
985 1653 994 1663 .
1019 1617 1293 1662 Se‘natuscon-

246 1684 396 1728 sulturn
429 1696 565 1726 autem
599 1696 667 1736 per
694 1678 975 1723 discessionem
1011 1677 1165 1728 fiebat,
1196 1689 1293 1718 cum

247 1743 459 1785 Senatores
507 1740 551 1783 in
598 1735 841 1781 sententiam
864 1734 1049 1785 'alicujus
1080 1747 1166 1776 non
1203 1746 1294 1773 ver-

248 1799 335 1852 bis,
369 1798 428 1840 sed
459 1796 622 1854 pedibus
654 1794 775 1837 tacite
807 1793 1141 1844 conveniebant,
1173 1788 1294 1851 disce·

256 1857 396 1899 dentes
436 1870 458 1896 a
492 1853 558 1896 suo
590 1851 755 1906 quisque
789 1849 879 1892 loco
912 1849 959 1891 ad
991 1865 1085 1892 eum
1118 1878 1134 1899 ‚
1184 1860 1296 1895 cujus

254 1911 499 1955 sententiam
526 1909 771 1966 probabant.
808 1909 865 1959 (e)
889 1906 1006 1960 Quod
1030 1907 1127 1948 item
1152 1902 1195 1945 in
1217 1904 1295 1945 hoc

255 1969 387 2025 capite
420 1967 567 2021 legitur
600 1965 790 2008 remittere
820 1965 1008 2005 Senatum
1039 1994 1051 2015 ‚
1100 1960 1296 2016 significat

255 2042 340 2069 rern
374 2025 420 2068 in
451 2023 652 2079 posterum
683 2021 794 2065 diem
829 2019 1027 2075 Principis
1054 2017 1296 2062 au8toritate

254 2083 439 2126 differre.
469 2078 531 2133 (f)
553 2078 726 2123 Additur
746 2078 791 2120 de
807 2076 1051 2133 proferendo
1064 2074 1266 2130 pomoerio
1285 2106 1296 2127 ‚

258 2140 365 2196 quod
398 2153 480 2181 non
512 2136 732 2180 Caesaribus
764 2146 928 2178 tantum
955 2166 965 2185 ‚
1014 2133 1073 2175 sed
1104 2132 1297 2175 omnibus

255 2197 309 2241 iis
341 2193 633 2239 concedebatur
664 2224 675 2245 ,
708 2192 775 2248 qui
809 2193 908 2234 fines
941 2189 1110 2246 Imperii
1142 2191 1296 2232 Roma-

256 2254 305 2297 ni
336 2252 410 2296 suis
442 2250 622 2296 victoriis
654 2247 925 2305 propagasset.
957 2249 1041 2305 (g)
1074 2247 1184 2300 (⁴).

705 2420 1298 2437 n———n—-u.—--—-——-——-

304 2504 325 2543 (
338 2502 389 2542 a)
415 2503 452 2536 L.
480 2511 512 2540 4.
525 2502 565 2532 C.
582 2500 624 2532 ad
645 2501 670 2533 Ι.
687 2500 814 2533 Faln'd·
832 2497 945 2540 Papin.
959 2500 982 2532 Ι.
999 2501 1185 2540 Imperator
1208 2497 1247 2542 ff.
1265 2499 1302 2531 de

268 2546 388 2590 inoffic·
419 2545 542 2586 testam.
566 2542 680 2583 cuiae.
706 2544 736 2576 d.
763 2545 826 2587 obs.
845 2553 898 2591 '15-
924 2550 993 2586 cap.
1022 2554 1073 2583 30.
1099 2545 1138 2577 <5
1163 2542 1220 2578 lib.
1252 2547 1302 2576 16.

262 2602 302 2625 ca
326 2616 333 2623 .
362 2603 380 2631 3
406 2615 414 2623 .

301 2599 402 2675 {1735
418 2639 457 2669 L.
484 2645 514 2674 3.
539 2635 575 2665 C.
602 2634 639 2667 de
662 2631 786 2673 restam.
806 2633 850 2667 ’ἶν’
875 2633 1055 2676 quemnam.

300 2681 385 2721 (c)
409 2679 487 2714 vide
510 2677 625 2716 cujac.
655 2689 756 2711 enarr.
770 2682 804 2712 C.
818 2682 841 2714 l·
863 2690 891 2719 3.
909 2679 947 2712 de
958 2676 1131 2719 sestam&
1157 2679 1301 2723 quemad.

303 2725 391 2766 (d)
418 2723 475 2759 lib.
500 2735 533 2762 4.
556 2724 641 2763 fine.

307 2770 394 2811 (e)
415 2768 500 2802 Gell.
526 2767 587 2800 tib.
611 2778 637 2807 3-
663 2773 736 2809 tap-
768 2771 817 2801 18.

307 2815 389 2858 (f)
413 2812 502 2849 Gell·
527 2810 586 2847 lib.
622 2824 673 2852 14.
698 2821 765 2855 cap.
797 2822 847 2853 17.

308 2863 364 2903 (g
381 2859 401 2898 )
425 2857 534 2892 Tacit.
561 2856 619 2890 lib.
651 2869 698 2890 12.
729 2857 800 2896 hill.
826 2863 893 2899 cap.
921 2866 973 2895 ²3·

314 2911 335 2947 c
359 2904 377 2923 ⁴²
407 2904 426 2944 2
461 2906 541 2935 Non
581 2904 681 2944 potest
706 2901 745 2936 de
769 2903 926 2946 potestate
956 2900 1113 2943 Principis
1138 2900 1246 2935 disseri
1268 2907 1303 2934 ut

278 2949 317 2983 de
355 2956 429 2981 ente
462 2945 691 2987 metaphyfico
717 2970 729 2989 ‚
771 2947 897 2990 semper
921 2945 1063 2979 invicem
1089 2945 1304 2979 retinentibus

276 2993 429 3033 Principe
468 2992 498 3024 ἃ
534 2992 664 3034 'Populo
691 3012 702 3029 ‚
750 2992 928 3033 mixtisque
965 2991 1194 3032 quaestionibus
1232 2990 1310 3029 juris

274 3040 308 3072 ἃ
347 3036 426 3070 facti
452 3058 460 3067 .
498 3036 562 3078 {pli
603 3039 821 3079 Imperatores
855 3036 932 3068 dum
955 3035 989 3067 id
1014 3045 1114 3078 agunt
1135 3056 1145 3074 ,
1190 3044 1225 3068 ut
1250 3034 1307 3068 soli

277 3080 409 3127 przsmt
445 3089 554 3114 rerum
587 3079 724 3116 fummae
751 3104 763 3119 ,
799 3079 921 3123 populo
971 3081 1050 3123 faepe
1075 3080 1176 3124 specie
1202 3080 1232 3112 &
1256 3089 1305 3112 co-

284 3127 409 3160 loribus
456 3124 630 3158 adscititiis
677 3125 820 3158 illudunt
845 3145 856 3164 ‚
912 3125 942 3156 δι
991 3125 1108 3158 eodem
1160 3134 1310 3167 tempore

280 3172 413 3216 iegibus
448 3170 481 3207 se
518 3170 640 3204 solutos
676 3170 707 3204 Bt
740 3170 891 3214 alligatos
924 3170 1149 3215 profitentur.
1173 3173 1225 3207 Ex
1249 3180 1314 3214 quo

1168 1503 1292 1545 Unde
1341 1501 1560 1544 mittantur
1575 1533 1584 1543 .

1618 1502 1898 1556 Quamobrem
1933 1516 2015 1543 non
2051 1502 2172 1555 potest
2193 1517 2215 1543 a
2236 1516 2381 1554 corpo-

1342 1575 1382 1602 re
1427 1558 1597 1601 militari
1643 1558 1818 1614 praeferri
1852 1557 1910 1608 jus
1942 1559 2135 1602 univeriae
2167 1558 2378 1610 civitatis;

1342 1615 1416 1658 nisi
1464 1615 1611 1658 civitas
1655 1615 1734 1670 ipsa
1779 1616 1813 1659 se
1843 1615 1934 1658 duci
1966 1631 2108 1659 eorum
2142 1615 2379 1657 tradiderit:

1342 1688 1416 1715 nec
1458 1672 1610 1716 milites
1642 1671 1808 1715 civilem
1841 1672 1970 1716 ullam
2003 1671 2246 1728 particulam
2279 1671 2376 1723 juris

1343 1729 1631 1773 nanciscuntur
1667 1759 1678 1781 ‚
1732 1729 1807 1772 nisi
1862 1729 2016 1772 civium
2066 1745 2237 1772 numero
2280 1744 2376 1772 cen-

1344 1787 1538 1830 seantur:
1583 1800 1670 1828 non
1711 1801 1800 1829 raro
1844 1787 1959 1829 enim
2003 1802 2051 1830 ex
2086 1791 2236 1830 exteris
2271 1785 2382 1829 mili-

1345 1856 1401 1886 tes
1446 1843 1770 1896 conducuntur,
1813 1855 1882 1886 aut
1927 1843 2119 1899 leguntur
2160 1859 2181 1887 e
2230 1842 2344 1885 sociis
2371 1873 2381 1885 .

1349 1902 1405 1944 Et
1458 1900 1526 1956 qui
1581 1900 1690 1943 cives
1733 1900 1892 1942 militiae
1936 1900 2107 1943 nomina
2149 1901 2382 1953 dederunt,

1348 1956 1513 2014 publico
1553 1956 1735 2000 civitatis
1775 1956 1858 2008 jure
1893 1956 2063 2000 seorsum
2095 1974 2116 1999 a
2149 1957 2292 2000 ceteris
2325 1957 2382 1999 ci-

1348 2015 1463 2058 vibus
1487 2046 1498 2068 ‚
1547 2014 1590 2057 <Sc
1635 2015 1775 2067 procul
1815 2031 1838 2057 a
1880 2026 2045 2070 corpore
2078 2014 2264 2057 universo
2299 2014 2381 2057 mi-

1350 2073 1464 2115 nime
1509 2072 1754 2126 potiuntur:
1806 2087 1899 2115 cum
1935 2087 2016 2115 non
2051 2088 2070 2114 a
2105 2071 2170 2114 suo
2204 2071 2383 2126 singulo-

1348 2144 1441 2172 rum
1481 2127 1565 2179 jure
1591 2159 1603 2180 ‚
1648 2128 1706 2171 sed
1747 2145 1770 2171 a
1812 2129 2108 2173 communione
2142 2129 2264 2171 totius
2295 2143 2382 2171 cor·

1348 2185 1456 2242 poris
1514 2185 1701 2230 civilium
1759 2201 1893 2229 rerum
1947 2187 2215 2242 gerendarum
2272 2187 2384 2240 pote'-

1352 2245 1492 2287 statem
1538 2242 1645 2287 cives
1677 2243 1880 2301 accipiant
1911 2261 1921 2287 :
1953 2260 2029 2290 nec
2064 2243 2180 2301 Resp.
2211 2243 2384 2286 transeat

2340 2314 2385 2342 in

1354 2418 1585 2434 ..-——-—-.
1591 2422 1810 2434 -.ι--
1817 2422 2249 2436 ——n-——m
2254 2419 2391 2430 ——-·-—·

1353 2497 1515 2542 rescriptis
1552 2508 1681 2541 quoque
1715 2498 1747 2531 8c
1784 2497 1931 2533 Decretis
1968 2498 2001 2531 3<
2035 2496 2160 2529 Ediffis
2200 2494 2390 2536 Principum

1354 2541 1402 2579 ius
1445 2554 1570 2577 novum
1593 2543 1750 2577 constitui
1776 2543 1876 2584 coepit
1911 2564 1922 2584 ,
1961 2552 2060 2576 nemo
2096 2541 2226 2575 dubitet
2258 2562 2267 2579 ‚
2298 2540 2391 2572 Prin--

1353 2585 1440 2630 cipes
1476 2588 1570 2631 supra
1612 2589 1700 2630 leges
1740 2586 1830 2622 fuisse.
1859 2611 1868 2621 .
1912 2586 2010 2631 Quod
2033 2586 2072 2620 de
2099 2587 2304 2628 temporibus
2331 2586 2387 2623 Ju-

1355 2632 1482 2665 stiniani
1520 2634 1626 2667 multo
1668 2632 1771 2675 magis
1796 2643 1910 2667 verum
1933 2635 1977 2666 est
2002 2655 2012 2671 ‚
2051 2632 2105 2674 qui
2134 2642 2198 2663 non
2227 2631 2292 2673 ipse
2319 2638 2394 2661 tan-

1356 2685 1427 2710 tum
1464 2678 1684 2721 complurima
1722 2677 1890 2711 constituit
1914 2701 1926 2720 ,
1964 2676 2015 2710 sed
2034 2678 2069 2709 ,εἰ
2096 2677 2275 2710 innumeris
2302 2683 2391 2705 vete-

1356 2732 1427 2755 rum
1470 2722 1659 2763 Principum
1697 2722 1879 2764 Rescripris
1917 2723 1986 2757 vim
2010 2723 2090 2764 legis
2118 2719 2308 2754 universalis
2334 2718 2390 2750 de·

1356 2765 1428 2799 dit·
1462 2767 1699 2808 interpretatio
1725 2767 1877 2800 Aunoris
1908 2791 1919 2806 ,
1954 2777 2019 2810 qua
2043 2776 2157 2801 vocem
2185 2787 2196 2804 ‚
2236 2763 2394 2805 legibus»

1356 2811 1390 2842 in
1415 2813 1519 2843 tertio
1542 2811 1613 2844 casu
1637 2810 1756 2852 accipit
1785 2835 1796 2852 ‚
1820 2812 1922 2844 nimis
1947 2820 2060 2854 arguta
2085 2811 2240 2844 videtur·
2269 2812 2392 2850 Legem

1360 2854 1502 2890 Gliciam
1540 2855 1605 2893 iam
1646 2856 1736 2898 supra
1761 2867 1778 2889 e
1802 2867 1940 2890 numero
1971 2859 2079 2900 legum
2104 2853 2350 2888 eliminavimus
2384 2873 2398 2890 ,

1360 2897 1416 2932 etsi
1453 2908 1578 2933 certum
1606 2900 1644 2934 fit
1670 2923 1680 2939 ‚
1721 2902 1825 2934 teneri
1854 2901 2037 2944 Principem
2063 2899 2194 2943 querela
2221 2896 2392 2930 inofficiosi

1360 2944 1544 2977 testamenti
1582 2949 1619 2978 L.
1649 2956 1679 2985 8.
1709 2948 1737 2985 δ.
1763 2956 1797 2979 2.
1813 2948 1853 2988 J.
1877 2947 1916 2979 de
1938 2943 2055 2987 inoffic.
2083 2943 2204 2983 testam.
2233 2942 2394 2983 qvamvis

1361 2997 1470 3022 autem
1497 2990 1582 3033 leges
1605 3001 1644 3023 ex
1672 2990 1759 3023 sensu
1783 2991 1888 3024 Paulli
1912 2991 1941 3022 ἃ
1969 2988 2105 3029 Ulpiani
2134 2988 2174 3021 ad
2200 2987 2282 3019 solas
2307 2987 2394 3023 lezes

1364 3034 1477 3074 rapias
1504 3038 1658 3077 Poppaeas
1684 3034 1797 3069 referri
1821 3034 1961 3069 debeant
1984 3045 1996 3067 τ
2032 3034 2142 3067 minus
2175 3038 2288 3066 tamen
2328 3030 2396 3062 suc·

1363 3078 1559 3113 censendum
1595 3081 1639 3112 est
1663 3079 1872 3114 Triboniano
1894 3083 1912 3118 ξ
1931 3079 1970 3113 de
1999 3079 2147 3119 Principe
2172 3076 2325 3109 omnibus
2349 3077 2400 3108 le-

1362 3123 1453 3204 gilgus
1481 3123 1588 3160 soluto
1611 3121 1647 3159 id
1670 3122 1849 3160 affirmanti
1871 3125 1910 3160 in
1920 3123 2047 3159 dudum
2064 3122 2186 3157 laxatis
2205 3120 2345 3165 Imperii
2359 3119 2402 3152 fi,

1364 3179 1396 3202 nl
1425 3177 1484 3202 asa
