2451 3470
671 105 1766 168 ORATIONES.

166 178 309 233 stratus
344 177 536 235 responsis
567 178 723 225 addixit
761 181 1145 233 Jurisconstiltorurn
1180 215 1188 236 ,

164 252 263 291 quos
293 253 316 279 a
344 251 541 290 germano
564 238 673 281 sensu
700 238 799 293 legis
817 240 994 282 eruendo
1015 270 1026 289 ,
1061 233 1187 292 publi-

163 294 286 348 ceque
317 294 567 347 promendo,
596 310 726 350 neque
754 295 944 350 promissa
978 294 1060 336 ulla
1079 310 1183 338 rner-

166 365 256 401 ces,
290 364 420 405 neque
447 351 626 405 partium
662 351 731 394 sibi
760 350 1000 406 plerumque
1022 350 1184 406 ignota-

160 421 250 448 rum
282 421 401 449 amor
423 420 493 449 aut
524 408 667 451 odium
701 407 924 460 defleelat3
959 407 1019 450 sed
1055 407 1192 462 potius

158 463 207 504 ad
234 461 356 506 solius
382 464 566 507 veritatis
589 464 633 507 δι
662 464 763 519 aequi
793 464 973 519 bonique
1008 480 1187 518 pronun-

155 517 382 562 ciationem
415 520 653 564 hortabatur
683 536 777 564 cura
814 520 987 577 propriae
1012 521 1187 577 dignita-

156 576 211 619 tis
232 606 244 628 ,
274 576 582 633 expeRatioque
604 577 840 630 honorum,
872 577 942 633 qui
972 577 1052 620 sola
1084 578 1184 620 inte-

157 632 321 688 gritatis
344 634 541 687 opinione
572 633 655 676 illis
685 634 992 677 offerebantur:
1029 645 1073 676 ut
1106 650 1188 676 non

154 690 313 732 mirum
339 721 351 742 ,
384 689 411 731 fi
441 690 683 733 auctoritate
718 691 877 745 fideque
909 690 974 732 vel
1021 690 1189 732 summis

156 745 415 801 praestiterint
433 745 678 788 Oratoribus
694 777 706 798 ‚
737 747 780 787 &
800 776 812 798 ,
845 761 946 800 prop
957 759 1019 788 ter
1039 747 1187 789 merita

154 802 367 857 explicatae
403 800 638 857 traditaeque
673 801 862 856 justitiae‚
913 802 1017 855 ipsos
1062 804 1187 846 etiam

155 858 416 903 exercituum
441 858 558 901 duces
590 858 634 900 &
667 857 844 900 hostium
877 858 1049 902 vitPtores
1082 861 1187 902 vice-

155 917 242 958 rint
271 913 375 970 apud
402 913 511 957 cives
539 914 582 957 in
609 914 806 968 petitione
826 915 1099 959 Consulatus.
1132 917 1190 960 Hi

154 984 310 1025 autem,
332 971 439 1025 leges
458 971 503 1015 in
522 971 645 1015 fidem
666 972 967 1028 custodiamque
988 972 1099 1016 suam
1121 989 1185 1016 ae-

156 1028 354 1084 cipientes
376 1061 388 1081 ‚
419 1045 467 1072 ac
507 1028 542 1071 se
574 1028 767 1072 diuturno
804 1029 998 1073 do&rinae
1024 1062 1037 1083 ,
1069 1042 1190 1086 atque

156 1086 408 1142 integritatis
438 1085 724 1140 experimento
754 1086 963 1130 ministros
987 1087 1031 1130 &
1065 1087 1190 1131 sacer-

154 1144 268 1187 dotes
296 1159 435 1186 earum
465 1142 616 1196 populo
642 1143 866 1197 praebentes
887 1175 899 1197 ,
930 1143 1123 1200 quidquid
1146 1145 1187 1188 in

154 1203 395 1244 Graecorum
423 1199 592 1252 scholis,
607 1200 711 1243 &in
731 1200 1068 1255 disputationibus
1089 1202 1185 1245 Phi-

156 1258 418 1313 losophorum
452 1272 500 1300 ex
523 1256 595 1299 usu
620 1255 776 1308 justitiae
798 1259 841 1301 ἃ
863 1261 1064 1301 Romanae
1082 1258 1187 1302 civi-

154 1315 250 1358 tatis
289 1315 558 1367 invenirent,
594 1314 731 1368 patriis
779 1314 937 1366 judiciis
976 1314 1186 1370 adplican-

154 1374 253 1416 dum
275 1371 534 1414 auferebant:
570 1383 613 1413 ut
629 1401 640 1423 ,
665 1371 747 1424 ibi,
768 1372 837 1414 ubi
858 1373 973 1415 causa
997 1371 1185 1416 deficere-

1206 1413 1210 1429 Ι
1236 1372 1346 1428 gulis
1377 1376 1492 1417 rebus

1243 180 1482 243 paruerint,
1517 197 1630 237 quae,
1663 195 1802 238 utpote
1827 184 2021 245 interpres
2048 195 2183 250 legam
2202 232 2212 251 ‚
2233 202 2275 243 ὁὶ

1247 239 1385 293 lingua
1414 238 1598 291 justitiae,
1626 240 1709 290 jure
1740 246 1804 284 luo
1831 243 2006 299 imperat
2034 250 2210 298 scientiis
2233 258 2278 300 ὅς

1245 295 1433 337 civilibus
1459 296 1616 339 cannis
1655 297 1808 341 artibus
1828 331 1840 351 ,
1872 317 2044 357 quatum
2077 308 2156 352 fine
2181 328 2279 356 con-

1243 367 1345 406 gruo
1369 352 1522 405 modo,
1551 368 1574 395 a
1598 353 1935 409 jurisprudentia
1967 362 2200 419 statuendo,
2231 370 2276 413 &

1245 407 1420 471 lingulis·
1444 407 1622 463 personis
1665 427 1713 454 ac
1757 413 1876 457 rebus
1905 420 2081 471 aptando
2105 453 2117 474 ,
2161 426 2277 470 nulla

1245 480 1287 506 in
1312 464 1474 518 publica
1496 481 1536 508 re
1558 465 1663 509 foret
1689 468 1846 514 utilitas
1864 503 1874 513 .
1908 475 2010 529 Quae
2028 476 2164 522 divina
2187 498 2278 536 pro-

1244 521 1347 564 feSto
1366 537 1436 584 ars
1456 524 1802 578 tranquillitatem
1823 527 1867 571 δί
1884 533 2144 578 concordiam
2166 554 2277 584 creat

1244 593 1337 641 cum
1371 593 1415 620 tn
1449 582 1603 633 populo
1633 582 1825 627 universo
1853 616 1866 639 ‚
1898 588 1995 632 dum
2030 592 2194 646 publico
2217 596 2278 647 ju-

1241 634 1355 696 stitiae
1383 635 1567 700 adipe-&u
1608 638 1887 697 perfruimur,
1921 658 2010 690 tum
2037 649 2080 691 in
2109 650 2276 707 singulis

1241 706 1396 753 Civium
1436 707 1587 736 anlmts
1625 727 1636 747 ,
1691 696 1759 750 qui
1815 701 1931 745 nulla
1971 705 2169 759 opinione
2211 710 2278 753 in-

1245 763 1436 810 zuriarum
1467 749 1779 811 ¹exulcerantur
1804 787 1816 807 ,
1869 762 2032 814 quando
2073 764 2276 814 Jurisuru-

1240 803 1385 865 dentiae
1417 807 1645 850 ministerio
1682 811 1886 857 naturalia
1917 817 1959 859 δε
1992 818 2133 864 civilia
2165 821 2276 874 justi-

1240 873 1306 902 tiae
1338 860 1488 904 foedera
1510 894 1522 915 ,
1550 879 1711 920 nempe
1746 867 1883 924 leges,
1907 886 1999 928 apte
2029 877 2274 924 adhibentur

1238 917 1285 958 ad
1313 918 1474 980 causas,
1507 924 1894 982 convenienterque
1923 931 2101 985 personis
2132 936 2175 980 &
2201 952 2273 983 ne-

1237 986 1358 1028 gotns
1386 974 1664 1038 advolvuntur
1684 1011 1693 1021 .

1298 1031 1466 1083 Jushtiae
1511 1049 1690 1091 namque
1734 1037 1851 1085 solius
1894 1044 1947 1087 est
1992 1061 2134 1102 pacare
2178 1051 2272 1096 ani-

1236 1103 1330 1130 mos
1358 1119 1370 1141 ,
1414 1088 1465 1153 δε·
1488 1106 1733 1155 componere
1765 1096 1968 1145 discordes·
1992 1106 2227 1152 affeStiones
2254 1142 2268 1164 ,

1236 1159 1325 1199 quae
1357 1145 1469 1189 sicuti
1498 1147 1738 1194 suscitantur
1772 1153 1958 1212 injuriis,
1991 1161 2048 1205 ita
2074 1163 2182 1215 iustis
2209 1183 2274 1210 re-

1237 1201 1385 1256 sponsis
1429 1206 1742 1266 compescuntur
1773 1241 1784 1262 ,
1828 1213 1870 1256 δι
1916 1215 2048 1262 allatis
2095 1221 2271 1268 honestis

1236 1259 1359 1301 causis
1378 1276 1555 1305 omnino
1589 1264 1773 1308 sedantur
1794 1301 1803 1311 .

1838 1272 1957 1324 Quod
1988 1291 2010 1317 a
2046 1277 2135 1320 solis
2167 1279 2271 1335 legi-

1238 1315 1308 1358 bus
1330 1347 1342 1369 ,

1375 1331 1516 1371 utpote
1544 1321 1830 1379 generalibus,
1863 1328 1905 1370 &
1930 1330 2111 1376 abduffis
2142 1351 2163 1377 a
2191 1337 2273 1380 fin-

1514 1407 1526 1429 ,
1558 1377 1738 1432 personis
1759 1412 1770 1433 ,
1803 1384 1846 1425 ὅς
1876 1385 2026 1431 cafibus
2046 1420 2058 1442 ,
2093 1391 2271 1437 minime

159 1442 228 1473 tur
248 1429 382 1472 verbis
408 1427 507 1484 legis
528 1459 540 1479 ,
571 1443 620 1470 eo
643 1427 708 1470 vel
737 1428 963 1473 Dialee‘tica
992 1431 1150 1474 ratione
1174 1431 1211 1489 ,ξ
1234 1429 1558 1487 assequeremur,
1584 1435 1657 1477 nisi
1682 1452 1702 1478 a
1723 1436 2032 1494 jurisprudentia
2056 1463 2116 1498 jus
2141 1465 2270 1494 omne

159 1486 226 1529 ve]
255 1484 423 1528 moralis
446 1485 639 1528 doetrinae
660 1487 868 1540 praeceptis
891 1500 1185 1542 occurreretur3
1206 1502 1210 1538 3
1235 1486 1467 1531 humanum
1495 1521 1508 1538 ,
1553 1492 1795 1547 exculptum
1834 1501 2036 1555 exemplis
2116 1508 2270 1550 confir-

159 1544 229 1586 ubi
254 1558 351 1586 vero
374 1541 438 1585 lex
462 1541 740 1585 observaretur
761 1544 963 1597 asperior,
985 1543 1040 1587 ibi
1065 1560 1183 1600 regu·
1204 1542 1210 1587 l
1234 1557 1394 1588 matum
1440 1550 1693 1602 argumentis
1728 1584 1741 1604 ,
1792 1555 2030 1601 conclusum
2061 1534 2221 1618 'regulis

159 1599 208 1643 lis
233 1611 528 1654 temperaretur
551 1599 751 1654 aequitatis
778 1631 788 1642 .
821 1602 963 1656 Itaque
991 1601 1184 1656 scriptum
1204 1589 1210 1632 l
1232 1601 1467 1647 &itinerum
1500 1608 1810 1660 exceptionibus
1831 1643 1842 1664 ,
1875 1629 1922 1656 ac
1953 1596 2263 1665 definitionibus

155 1655 218 1708 jus
236 1688 249 1710 ‚
278 1657 441 1712 quando
461 1655 528 1699 vel
552 1656 695 1698 deesset
718 1688 730 1709 ‚
762 1656 825 1698 vel
860 1673 909 1700 ex
930 1670 1079 1702 eventu
1109 1675 1183 1713 pu·
1232 1660 1456 1713 expressum
1496 1661 1736 1709 haberemus
1758 1683 1771 1721 3
1802 1680 1922 1724 atque
1941 1671 1990 1714 ab
2013 1675 2153 1719 eadem
2189 1677 2268 1721 sin-

154 1714 259 1757 blice
286 1726 477 1766 noceret,
511 1729 532 1755 a
552 1713 853 1764 jurisconsultis
876 1726 945 1757 aut
964 1730 1013 1759 ex
1042 1716 1182 1760 Philo·
1203 1762 1207 1766 ,
1231 1717 1347 1771 gulas
1380 1720 1706 1765 conventionum
1736 1757 1749 1778 ‚
1793 1725 1836 1769 ἃ
1878 1727 2141 1776 voluntatum
2188 1734 2266 1779 hu-

156 1769 294 1826 sophia
329 1768 610 1825 supplebatur,
642 1782 712 1813 aut
739 1770 974 1814 leniebatur
1003 1773 1182 1818 utilitate
1203 1769 1208 1823 ξ
1232 1789 1448 1817 manarum
1471 1806 1482 1828 ,
1515 1777 1784 1836 civiliumque
1809 1782 2009 1829 fastorum
2034 1789 2180 1843 species
2209 1791 2267 1837 le-

151 1830 404 1872 communi.
437 1827 659 1870 Vetustatis
705 1843 802 1870 vero
835 1827 1060 1883 injuriam,
1094 1847 1183 1887 quae
1203 1831 1207 1851 ³
1231 1831 1346 1885 gibus
1381 1834 1674 1892 prudentiaque
1706 1839 1877 1895 digestas
1898 1873 1909 1895 ,
1941 1843 1983 1886 ἃ
2010 1844 2143 1903 longis
2177 1865 2264 1893 rne—

150 1885 410 1927 obscurandis
430 1885 562 1927 verbis
577 1884 621 1926 ἃ
640 1883 905 1928 obliterandis
923 1887 1107 1930 moribus
1130 1888 1179 1932 le·
1202 1887 1206 1944 i
1229 1888 1500 1933 ditationibus
1532 1894 1717 1937 excof'tas
1747 1898 2023 1953 acciperemus
2051 1918 2060 1926 ·
2096 1917 2139 1947 ut
2170 1906 2264 1961 qui-

154 1956 222 1996 ges
246 1941 466 1984 abduxiss'et
491 1942 540 1984 ab
570 1940 845 1997 intelligentia
867 1944 1081 1998 populari,
1106 1961 1179 1988 no·
1229 1961 1389 2001 cunque
1434 1948 1659 1993 affefflonis
1704 1968 1846 2008 expers
1900 1970 2018 2002 acuta
2050 1935 2218 2006 ²ratione

149 1999 245 2060 titia
265 1998 578 2053 discrimineque
599 2013 833 2053 temporum
857 2002 1180 2055 avertebant,&
1228 2018 1274 2045 ac
1304 2004 1440 2047 debita
1481 2009 1668 2061 :equitate
1701 2011 1842 2054 civilia
1891 2013 1934 2056 ὅ(
1967 2014 2138 2061 forensia
2182 1995 2267 2064 ne:

143 2056 292 2110 peritia
313 2054 584 2098 formularum
605 2072 650 2098 ac
665 2056 803 2099 nativa
824 2058 1068 2111 proprietate
1089 2076 1174 2103 ver·
1228 2060 1338 2115 gotia
1372 2065 1626 2116 perpenderit
1648 2097 1660 2118 ,
1705 2081 1866 2122 propter
1898 2070 2074 2116 inditam
2109 2076 2256 2132 cuique

155 2112 299 2154 borum
323 2129 349 2175 :-
368 2113 514 2167 quibus
542 2113 685 2167 opibus
721 2112 910 2157 aluerunt
938 2115 1045 2170 leges
1068 2146 1082 2167 ‚
1117 2133 1178 2159 ar·
1226 2118 1382 2167 justitiae
1415 2121 1631 2165 notionem
1666 2122 1731 2165 suo
1757 2126 1897 2170 Marte
1926 2127 2077 2174 feratur
2103 2132 2146 2174 in
2177 2137 2264 2176 len-

149 2179 314 2231 temqug
340 2169 629 2231 mstjtuerunt,
661 2185 749 2224 quae
776 2170 929 2214 sensum
956 2175 1012 2215 eis
1034 2189 1158 2228 peren
1227 2175 1399 2218 tentiam
1441 2176 1824 2226 jurisconsultorum
1854 2212 1866 2236 ,
1911 2184 1981 2240 qui
2031 2203 2103 2242 pro
2135 2177 2261 2233 causis

145 2240 244 2268 nem
272 2237 477 2280 vitamque
499 2224 715 2268 clariorem
737 2226 943 2282 redderet,
963 2245 1085 2284 quam
1106 2231 1177 2281 Ju-
1197 2244 1201 2260 ³
1224 2232 1266 2273 ἅ
1312 2234 1490 2287 negotiis
1530 2237 1724 2280 omniurn
1765 2250 1933 2283 aetatum
1978 2258 2024 2286 ac
2066 2246 2259 2299 gentium

143 2281 459 2338 risprudentiam
479 2281 737 2337 appellarunt
751 2314 763 2336 ,
777 2299 981 2341 quamque
1004 2287 1173 2332 seorsum

144 2355 168 2382 a
195 2338 431 2382 nationibus
450 2339 542 2382 aliis
562 2339 686 2394 primi
708 2339 858 2395 solique
879 2342 1074 2387 invenere
1094 2347 1173 2389 Ro-

143 2396 292 2448 mani3
330 2397 398 2451 qui
427 2428 439 2448 ,
473 2408 517 2439 ut
554 2396 654 2439 alias
687 2395 792 2440 artes
824 2414 870 2441 ac
908 2399 1112 2443 doetrinas
1151 2419 1172 2445 a

142 2453 300 2496 Graecis
340 2453 575 2508 acceperint
607 2485 619 2506 ,
665 2452 771 2497 hanc
809 2468 916 2499 certe
945 2456 1015 2512 ipfi
1053 2458 1171 2503 unice

142 2509 402 2564 protulerunt
423 2542 435 2563 ,
468 2510 619 2566 sibique
646 2509 822 2555 habuere
848 2514 1089 2569 praecipuam
1128 2516 1170 2559 δ(

138 2566 387 2620 peculiarem
419 2583 557 2623 ,quae
593 2567 771 2611 utilitate
805 2582 926 2625 atque
969 2571 1170 2626 dignitate

139 2623 238 2665 adeo
262 2623 500 2677 antecellit,
534 2637 577 2667 ut
602 2638 752 2668 caeterae
778 2626 890 2670 civili
919 2631 1170 2674 commercio

145 2691 314 2723 eatenus
334 2680 579 2736 dignentur,
610 2695 812 2738 quatenus
839 2684 1170 2741 Jurisprudentiae

249 2737 279 2790 J
282 2737 353 2779 ani
383 2738 573 2781 Gravinae
595 2741 709 2782 Tom.
729 2743 787 2784 ΙΙ.

130 2871 448 2884 --ῥ-

177 2905 235 2945 (⁴¹)
261 2909 502 2948 Argumentum
522 2926 533 2944 ,
574 2916 639 2948 quo
664 2906 751 2950 leges
776 2913 943 2942 Romanas
990 2922 1157 2946 commen-

129 2947 186 2982 dat
219 2972 229 2989 ,
253 2950 380 2992 triplex
406 2972 417 2988 ‚
456 2950 601 2992 primum
638 2951 725 2993 quod
754 2950 1008 2995 jurisprudentia
1040 2962 1158 2991 Roma-

130 3004 175 3026 na
215 2995 342 3036 praestet
388 2994 444 3036 ipsi
489 2996 589 3028 etiam
624 2999 744 3028 Graecae
774 3019 784 3035 ‚
822 2998 994 3032 secundum
1025 3024 1037 3041 ‚
1073 3003 1158 3044 quod

129 3038 228 3070 satius
259 3039 298 3072 fit
341 3039 375 3071 in
408 3040 507 3072 causis
535 3038 754 3076 diiudicandis
793 3041 841 3073 uti
871 3040 994 3079 judicio
1034 3046 1150 3088 sapien.

131 3091 205 3116 tum
249 3092 457 3116 mortuorum
485 3107 496 3122 ,
538 3094 635 3128 quam
675 3085 834 3117 sententia
861 3087 1012 3120 vivorum
1039 3110 1048 3127 ‚

132 3127 218 3162 tium
249 3147 259 3166 ,
300 3127 386 3172 quod
413 3129 640 3170 jurisconsulti
679 3139 805 3163 veteres
846 3141 915 3166 non
955 3132 1064 3167 minus
1109 3136 1150 3169 ni*

557 2871 941 2887 ——-—-—-——

1093 3099 1156 3124 tcr-
1206 3094 1225 3126 si
1235 3105 1272 3126 ue

1223 2287 1371 2339 judicia
1406 2292 1664 2344 protulerunt
1698 2325 1711 2347 ,
1753 2294 1850 2338 dum
1882 2298 2086 2345 affee‘ttoni
2133 2304 2252 2348 omni

1225 2359 1415 2409 vacarent
1441 2379 1454 2402 ,
1484 2349 1528 2392 δε
1558 2349 1644 2400 jura
1678 2352 1925 2406 posterorum
1960 2357 2073 2411 puris
2104 2360 2256 2404 animis

1221 2402 1462 2467 dirimerent
1512 2418 1632 2463 atque
1690 2407 1888 2453 librarent
1926 2443 1935 2455 .
1982 2414 2078 2459 Ideo
2128 2416 2250 2473 longe

1222 2473 1348 2504 tutius
1379 2462 1425 2504 de
1459 2464 1574 2526 rebus
1607 2464 1866 2519 praesentibus
1897 2484 2037 2514 mente
2068 2473 2203 2517 aliena
2237 2506 2252 2529 ‚

1220 2533 1343 2580 quam
1368 2534 1530 2582 propria
1548 2522 1849 2579 iudicabimus,
1880 2542 2021 2570 eorum
2057 2529 2082 2571 fi
2111 2530 2255 2587 scripta.

1220 2590 1263 2616 in
1296 2575 1514 2640 consilium
1546 2594 1692 2623 vocare
1721 2612 1733 2634 ,
1775 2597 1822 2625 ac
1855 2584 1991 2638 potius
2021 2599 2210 2632 mortuos
2244 2620 2257 2643 ,

1220 2647 1344 2687 quam
1377 2648 1494 2677 Vlvos
1515 2665 1527 2688 ,
1561 2636 1698 2680 audire
1732 2638 2010 2684 voluerimus.

1275 2690 1370 2733 Nec
1399 2691 1610 2737 minorem
1636 2693 1700 2737 illi
1720 2694 1914 2747 justitiam
1943 2699 1987 2742 in
2022 2701 2257 2755 verbi3‚(*)

1740 2754 1775 2796 L
2130 2773 2255 2814 quam

1865 2889 2030 2905 ———.

1211 2923 1282 2948 tore
1326 2916 1449 2959 linguae
1488 2919 1614 2952 Latin'ae
1669 2921 1700 2953 ὅ(
1751 2921 1936 2956 eruditione
2001 2935 2098 2967 quarn
2145 2934 2255 2958 rerum

1209 2960 1351 3003 ipsarum
1405 2961 1549 3004 pondere
1589 2965 1869 3000 commendentur
1902 2989 1912 3008 ‚
1967 2979 2031 3011 qua
2073 2970 2109 3002 in
2154 2977 2247 3010 parte

1209 3004 1414 3038 admirabilis
1439 3007 1483 3040 est
1523 3007 1582 3040 illa
1627 3010 1809 3042 cumulatio
1853 3011 2105 3053 praedicatorum
2137 3035 2147 3050 ‚
2188 3022 2251 3053 qua

1209 3050 1316 3092 legum
1348 3054 1572 3084 Romanarum
1612 3053 1816 3090 majestatem
1863 3056 1928 3089 fine
1960 3057 2040 3092 luxu
2069 3079 2082 3096 v
2126 3055 2243 3090 fastum

1299 3103 1445 3136 pompa,
1474 3097 1502 3128 δ(
1536 3097 1662 3140 reliqua
1693 3100 1908 3146 commendat
1930 3123 1938 3132 .
