2451 3470
523 88 1891 162 JURISRECEPTIORIS.
2131 113 2235 167 253

123 176 220 206 nem
252 177 275 204 a
306 173 476 206 munere
519 162 807 217 progreditur,
849 153 972 205 modo
1014 160 1062 203 ad
1095 177 1153 205 re·
1205 160 1355 204 blicam
1401 162 1591 225 inopiam·
1629 162 1833 206 inducunt
1859 195 1872 217 ‚
1923 178 1968 210 ut
2013 184 2073 213 res
2103 172 2234 221 carius

122 217 372 274 legationem
397 250 409 271 ‚
451 220 574 262 modo
605 219 653 262 ad
686 219 880 263 ultimum
915 217 1156 273 supplicium
1206 219 1473 262 vendantur:
1529 234 1641 270 cujus
1692 234 1813 274 poena
1854 221 2037 267 statuitur
2077 243 2099 269 a
2143 226 2230 283 lege

120 275 304 318 excurrit
327 307 337 317 .
381 275 501 329 Quod
545 277 741 330 praecipue
775 273 969 319 imminet
1000 273 1147 325 Judici-
1208 290 1272 316 20.
1317 290 1530 318 aureorum
1559 307 1570 326 ,
1620 275 1682 319 vel
1716 275 1908 331 relegatio
1933 310 1944 331 ,
1989 282 2050 323 vel
2085 285 2234 328 merci.

124 331 196 374 bus
224 361 237 383 ,
267 331 336 387 qui
368 331 635 375 innocentem
680 331 827 382 injuria
857 330 1060 373 damnaffe
1091 346 1149 373 ar·
1203 331 1330 373 monii
1377 332 1610 375 interdiffio
1643 349 1714 388 pro
1745 332 1877 390 deli&
1912 338 2228 391 magnitudine:

118 400 299 444 guantur
326 419 336 431 .
363 389 445 431 'Ac
479 388 503 431 fi
536 388 715 432 civiliter
745 400 886 442 agatur
917 401 1006 429 reus
1037 386 1149 429 dam·
1197 404 1276 443 qua
1309 399 1501 431 tenentur
1529 389 1574 432 δε
1605 388 1662 440 ii,
1695 390 1762 445 qui
1795 393 1991 434 coemunt
2019 410 2223 448 quantum

109 456 240 487 :natur
270 444 315 487 in
346 444 614 500 quadruplum
647 445 728 495 ejus
761 443 942 498 pecuniae
971 474 983 494 ,
1025 459 1148 497 quarn
1201 443 1357 497 possunt
1388 476 1400 497 ‚
1451 459 1495 488 ut
1539 445 1668 498 postea
1700 445 1830 489 carius
1863 448 2042 491 vendant
2065 481 2085 504 ‚‚
2129 468 2228 506 quos

117 492 273 555 {recepit
299 532 312 554 ,
356 503 382 543 l.
413 503 484 544 ult.
527 501 570 543 in
593 499 671 554 fin.
713 504 765 543 C,
795 500 843 542 de
873 501 901 542 l.
925 500 1011 552 Jul.
1045 511 1147 555 repe·
1201 501 1469 544 Dardanarios
1501 503 1625 556 Leges
1658 501 1897 557 appellant3
1930 504 2035 550 forte
2066 522 2088 549 a
2120 509 2225 552 Dar-

117 558 229 599 tund.
261 559 289 600 l.
325 573 363 614 3.
393 573 434 611 4.
467 573 506 609 7.
542 557 575 609 ᾗ.
612 572 651 610 3.
673 554 726 610 ff.
759 557 840 599 eod.
1193 558 1297 600 dano
1331 557 1447 609 hujus
1478 558 1646 602 malitiae
1678 559 1920 604 inventore.

175 615 268 658 Nec
312 615 436 658 modo
467 613 573 656 fraus
605 614 794 664 Judicum
821 644 834 665 ‚
879 611 939 655 sed
986 612 1030 655 &
1062 611 1140 668 pri·
1285 614 1357 656 Sed
1399 613 1481 665 jam
1514 616 1641 674 finem
1667 615 1818 660 Titulo
1865 617 1908 661 &
1939 618 2066 675 Operi
2100 620 2219 665 fimul

115 682 305 714 vatorum
354 687 404 714 ex
447 685 702 726 quacumque
746 669 888 723 iniqua
920 668 1142 712 simulatio·
1192 669 1453 724 imponamus
1508 671 1593 728 lege
1636 673 1746 724 Julia
1787 674 1834 717 de
1880 675 2040 720 residuis
2067 708 2079 730 ‚
2143 694 2221 733 qua

111 742 164 770 ne
191 759 203 780 ,
244 740 314 770 aut
349 728 615 782 sycophantia
637 758 648 779 ‚
687 741 756 781 per
785 741 910 781 quam
941 725 1043 768 alter
1077 725 1138 768 lae‘-
1163 722 1170 825 Ι
1191 726 1421 782 ρΙεξὶιιηωι·
1473 729 1542 782 qui
1599 742 1755 783 partem
1809 730 1992 787 aliquam
2037 733 2220 779 retinent

109 783 260 827 datur:
316 784 421 838 quod
465 784 622 826 crimen
666 782 916 825 stellionatus
960 781 1138 836 appella·
1191 784 1369 838 pecuniae
1402 785 1608 837 publicae3
1654 799 1724 829 aut
1753 787 1822 843 qui
1855 789 2035 834 retinent
2067 802 2217 844 totam,

110 852 177 883 tur
220 857 242 882 a
285 841 466 882 stellione
512 838 612 880 varii
659 838 808 881 coloris
851 837 996 891 reptile
1030 870 1041 890 ‚
1073 839 1139 881 cui
1187 855 1311 894 quam
1357 840 1717 885 administrandam
1748 851 1990 899 acceperunt
2015 878 2026 900 ,
2074 847 2118 891 &
2151 849 2216 892 vel

109 896 153 940 &
194 895 428 950 impostores
468 895 520 936 ob
555 894 765 937 mendacia
789 925 802 946 ‚
844 894 886 937 δι
920 895 1138 937 verborum
1186 910 1276 938 eam
1325 896 1373 939 ad
1424 897 1683 952 praestitutum
1728 899 1843 944 usum
1876 917 1959 945 non
1991 902 2215 960 adhibent,

109 968 156 996 ac
188 948 409 1007 figurarum
442 950 681 993 varietatem
722 950 765 992 ἅ
795 950 848 992 ob
887 949 1249 1014 verfipellemfvel
1299 952 1341 995 in
1393 954 1570 1007 publicas
1612 957 1788 1000 rationes
1831 957 1975 1003 referre
2018 975 2064 1003 ac
2097 961 2212 1005 resti-

108 1019 297 1051 naturam
330 1019 622 1061 comparantur
659 1037 669 1048 .
703 1006 823 1060 Quod
854 1005 1044 1057 Judicum
1074 1022 1137 1050 ar·
1187 1020 1298 1052 tuere
1342 1010 1557 1066 negligunt
1589 1043 1602 1063 ‚
1651 1011 1762 1063 cujus
1804 1029 1926 1069 poena
1955 1015 2010 1059 est
2039 1016 2213 1061 infamia

107 1063 232 1107 bitrio
266 1080 337 1119 pro
369 1064 503 1106 delmi
536 1063 666 1106 modis
699 1063 890 1117 punitur.
1155 1017 1278 1122 icum
1328 1081 1451 1110 onere
1495 1067 1745 1113 restituendae
1788 1072 1967 1124 pecuniae
2007 1085 2174 1117 retentae
2198 1105 2212 1127 ,

166 1123 248 1164 Lex
283 1131 377 1164 vero
391 1121 497 1171 Julia
528 1120 574 1162 de
594 1118 1131 1167 Annonaffulcisciturauda-
1181 1122 1223 1164 &
1265 1120 1424 1178 insuper
1455 1123 1576 1167 tertia
1610 1139 1721 1181 parte
1754 1125 1871 1182 ipsius
1895 1158 1909 1184 ,
1948 1130 1975 1172 l.
2011 1145 2053 1174 2.
2080 1145 2124 1185 4.
2154 1129 2213 1174 <7

106 1177 214 1223 ciam
246 1193 426 1233 eorum,
475 1176 544 1233 qui
576 1179 805 1221 Annonam
838 1188 1030 1221 vexantes
1061 1192 1131 1233 pu·
1174 1178 1262 1235 seq.
1285 1176 1341 1234 ff.
1370 1181 1426 1224 ad
1454 1182 1501 1225 L.
1526 1181 1613 1235 Jul.
1640 1184 1766 1240 pecul.

2008 3107 2175 3161 JAN1
