2451 3470
492 96 849 164 JURI‘S
929 98 1835 159 RECEPTIORIS.

84 172 204 218 versis
229 172 273 216 in
288 171 386 216 loeis
400 171 702 215 Patrimonium
720 173 865 214 habeat
880 170 1137 227 dipertitum,

87 229 274 285 cujusque
300 229 379 272 loci
410 229 601 284 Princeps
628 229 671 272 in
703 230 812 271 suam
832 231 1032 272 bonorum
1051 246 1136 284 par-

87 292 174 330 tem
191 300 372 329 vocatur.
389 288 624 342 Antequam
639 297 778 329 autern
795 302 815 327 a
835 285 1139 329 successionibus

86 342 355 395 discedamus,
374 343 525 398 aliquid
541 342 756 386 afferemus
771 342 817 383 de
832 341 1142 384 Collationibus

88 401 134 442 in
168 400 403 443 successione
441 399 681 443 Liberorum
715 399 851 440 locum
871 399 1139 443 habentibus.

149 457 359 511 Quoniam
411 457 534 511 igitur
576 455 698 498 hodie
733 456 968 498 Parentibus
1001 456 1072 497 filii
1100 471 1138 497 e·

90 513 315 567 mincipati
349 528 442 556 cum
475 511 564 556 aliis
595 512 784 554 fratribus
809 543 820 564 ,
853 512 922 566 qui
953 524 1066 554 erant
1098 512 1139 554 in

92 571 310 613 morientis
341 570 530 624 potestate
553 567 1041 623 ,succeduntaequaliter3
1074 584 1139 611 co-

94 641 251 684 guntur
279 626 530 681 emancipati
560 626 728 676 omnia,
758 640 846 679 quse
876 641 899 667 a
933 625 1045 667 Patre
1072 626 1136 668 vi-

95 697 220 728 vente
250 696 492 738 acceperunt
523 715 536 736 ‚
586 682 662 725 five
695 682 800 724 bona
834 681 1064 736 profecotitia
1096 681 1137 723 in
1163 698 1168 703 ·

95 755 319 784 commune
352 740 568 792 conferre,
599 739 685 790 (a)
717 753 766 780 ne
798 737 845 779 iis
867 740 1035 782 retentis
1051 739 1138 792 plus

94 812 144 841 ex
191 797 428 840 successione
458 796 640 838 Parentis
673 793 836 837 subeant
861 825 874 846 ,
918 810 1040 850 quam
1075 796 1137 837 Fi-

96 852 324 896 liifamilias
372 854 440 907 qui
491 853 597 894 Patri
630 850 930 904 adquisiverant
958 881 969 894 .
1019 851 1138 893 Unde

96 910 201 952 bona
237 940 250 960 ,
280 923 367 962 quse
400 922 542 962 parens
573 906 739 962 reliquit
773 906 886 949 simul
923 922 1016 951 cum
1051 908 1102 950 iis
1128 938 1140 958 ,

95 982 182 1023 quae
215 965 447 1012 babuerunt
472 964 719 1015 emancipati
740 963 1062 1018 permiscentur,
1095 977 1137 1007 ut

93 1021 303 1078 :equaliter
344 1022 450 1064 inter
494 1022 580 1064 suos
623 1020 666 1063 &
713 1020 991 1075 emancipatos
1023 1021 1139 1064 Libe-

94 1095 159 1122 ros
190 1079 447 1122 dividantur.
478 1080 568 1130 (b)
598 1077 737 1120 Habet
766 1078 878 1118 enirn
897 1076 1032 1121 locum
1055 1078 1136 1120 col-

95 1135 196 1180 latio
242 1147 402 1178 tantum
451 1135 493 1176 in
525 1132 853 1177 descendentibus
886 1134 961 1176 sive
993 1135 1043 1176 ab
1075 1136 1136 1177 in-

93 1194 232 1237 testato
265 1192 500 1245 succedant,
533 1194 611 1234 live
641 1206 691 1233 ex
724 1191 965 1233 testamento
979 1193 1036 1243 (c)
1068 1192 1140 1234 nisi

92 1266 183 1294 eam
216 1251 403 1292 Testator
435 1247 714 1305 prohibuerit,
748 1248 822 1290 hac
853 1248 964 1290 enim
984 1249 1138 1291 ratione

95 1319 287 1360 tantum,
320 1321 404 1348 non
437 1304 841 1361 veropaffmaliquo,
874 1304 1137 1348 collationem

92 1363 189 1408 licet
221 1363 460 1406 excludere.

151 1420 399 1462 Liberali-„im
443 1435 539 1461 vero
585 1417 752 1461 Artium
797 1417 1134 1462 &scientiarum

23 1521 27 1523 ,
92 1476 248 1518 honore
293 1491 375 1517 non
420 1476 580 1531 cogitur
610 1474 890 1530 emancipatus
921 1475 1136 1529 conferre,

90 1533 170 1577 fiae
204 1533 402 1587 imputare
431 1549 472 1575 in
499 1530 929 1587 partem'fucceffionis
948 1532 1136 1575 fibidebi-

88 1603 174 1633 tam
207 1589 407 1640 impensas
440 1590 660 1632 studiorum
680 1619 688 1629 .
721 1590 802 1640 (e)
834 1590 1032 1632 Ceterum
1052 1592 1136 1632 Do-

87 1660 175 1690 tem
208 1663 229 1688 a
265 1647 378 1689 Patre
411 1645 634 1700 profeetam
669 1643 788 1695 filiae3
826 1645 902 1688 five
926 1646 1026 1699 suae,
1059 1646 1135 1689 sive

86 1703 354 1757 emancipatae
387 1702 603 1746 conferunt
630 1734 641 1754 ,
674 1715 761 1744 tam
794 1701 818 1743 si
851 1705 1061 1745 succedant
1086 1704 1135 1745 ab

87 1759 304 1813 intestato,
335 1774 458 1814 quam
492 1760 515 1802 si
548 1759 878 1802 extestamento:
915 1760 987 1801 nisi
1004 1759 1129 1802 colla-

90 1817 150 1860 tio
179 1817 237 1859 eis
268 1832 291 1858 a
325 1817 438 1860 Patre
462 1817 696 1859 remittatur
714 1813 793 1867 (f)
812 1831 983 1871 eamque
997 1817 1132 1860 dotem

89 1872 307 1916 conferunt
340 1871 417 1915 sive
449 1889 542 1916 cum
576 1873 677 1925 suis,
712 1871 790 1914 slve
823 1889 918 1916 cum
949 1875 1131 1918 emanci-

92 1929 195 1984 patis
225 1930 273 1972 ad
307 1930 588 1973 successionem
621 1941 893 1972 concurrant.
925 1931 1011 1985 (g)

213 2051 322 2070 »ιι-,Λα
455 2046 695 2069 αωαμλψ-ιιλ
966 2055 1035 2071 ,ιω
1059 2040 1136 2073 ιιι..)

88 2112 1132 2166 INSTITUTIONUM

200 2243 501 2299 LIBER
561 2240 1017 2288 TERTIUS.

293 2375 402 2387 4⁸--
407 2375 833 2386 ——-.—-—-—

316 2443 764 2486 TITULUS
866 2447 899 2488 Ι.

195 2555 261 2600 De
290 2555 631 2614 Obligationibus‚
664 2557 720 2601 &³
750 2559 834 2613 iis,
866 2576 949 2615 quat
981 2577 1019 2604 re

454 2616 755 2658 contrahuntur.
795 2633 798 2635 ’

215 2724 391 2780 Eligatio
421 2719 609 2778 est'Juris
641 2728 853 2789 vinculum
883 2762 896 2783 ,
943 2747 1024 2788 quo
1055 2747 1125 2776 ne-

232 2784 406 2826 cessitate
449 2783 734 2840 adstringimur
777 2787 994 2832 secundum
1038 2791 1125 2833 Ro-
1172 2801 1282 2835 certa
1311 2791 1365 2835 est
1395 2791 1439 2835 ἀ
1469 2793 1665 2837 definita.

191 2840 293 2892 Janl
323 2841 535 2882 Gravinae.
566 2844 682 2884 Tom.
712 2844 770 2886 II.

80 2921 186 2934 ..—

124 2957 143 2995 (
158 2956 209 2995 a)
233 2959 269 2987 L.
301 2965 326 2986 1.
350 2954 389 2998 ff.
416 2957 454 2988 de
477 2957 651 2988 Collatiam
677 2958 714 2989 1..
742 2961 805 2992 ule.
831 2963 865 2992 C.
892 2963 958 2995 eod.

2143 130 2245 185 2⁴33

1187 176 1300 220 mani
1350 177 1471 221 Orbis
1502 179 1595 228 Jura
1622 209 1632 220 .
1676 177 1766 220 111ae
1799 193 1974 233 namque
2010 181 2234 241 obligatio-

1187 249 1256 277 nes
1275 264 1289 286 ‚
1322 250 1420 290 quas
1448 234 1658 278 diffolvere
1692 235 1808 277 nulla
1839 236 1945 286 Juris
1974 238 2126 286 Civilis
2156 260 2230 288 ne·

1186 292 1359 334 cessitate
1402 292 1591 347 cogimur
1618 323 1630 346 ,
1674 292 1734 335 sed
1767 292 1953 347 aequitate
1984 295 2089 344 Juris
2123 301 2228 343 Pon-

1188 347 1302 390 tificii
1323 379 1336 400 ‚
1366 348 1501 403 qualia
1536 347 1624 392 sunt
1659 349 1769 402 path
1786 349 1917 402 nuda,
1948 365 2036 406 quae
2053 368 2134 397 non
2156 357 2227 400 ha·-

1188 405 1282 445 bent
1314 405 1498 457 causam,
1530 421 1604 449 nec
1636 406 1880 449 transierunt
1912 406 1955 449 in
1981 422 2139 454 certum
2154 428 2233 455 no-

1188 474 1283 502 men
1315 462 1543 505 contractus
1567 494 1580 516 ,
1611 463 1653 506 ἃ
1679 463 1879 517 simplices
1909 463 2230 518 pollicitationes

1187 514 1443 578 appellantur
1472 519 1741 574 obligationes
1775 520 1977 563 naturales
2014 552 2028 573 ,
2060 539 2144 567 non
2169 525 2230 568 ci·-

1189 572 1288 615 viles
1306 605 1331 636 ι,
1374 576 1519 630 quibus
1563 577 1729 630 prtesens
1771 577 1955 620 definitio
2003 581 2221 636 congruit:

1185 644 1274 685 quae
1303 645 1387 682 jure
1418 633 1636 675 Canonico
1666 635 1715 676 ad
1744 649 1889 677 ornnes
1922 636 2170 692 porrigitur.

1245 687 1481 731 Nascuntur
1511 704 1649 734 autem
1681 690 1955 747 obligationes
1988 695 2049 736 vel
2081 710 2130 738 ex
2153 711 2225 749 re,

1187 741 1249 786 vel
1283 758 1333 787 ex
1367 745 1498 788 verbis
1523 778 1535 798 ‚
1570 747 1628 788 vel
1665 763 1715 791 ex
1752 748 1904 802 literis,
1935 749 2004 792 vel
2036 766 2086 795 ex
2119 752 2227 795 nudo

1186 799 1403 862 consensu,
1438 801 1585 846 scilicet
1618 803 1696 847 sine
1730 820 1796 858 re,
1828 807 2158 872 autverbiffia&
2183 809 2233 852 li-

1188 868 1307 908 teris;
1337 858 1479 912 quibus
1512 871 1650 902 tamen
1682 862 1873 904 omnibus
1903 863 2028 907 etiam
2058 866 2228 909 consen-

1189 912 1246 954 sus
1289 913 1511 957 intervenit
1537 947 1548 968 ‚
1593 916 1672 959 sine
1715 934 1794 971 quo
1830 917 1965 962 nullus
1997 923 2230 967 contra&us

1186 969 1360 1031 consistit
1383 1002 1396 1024 ‚
1442 971 1501 1013 scd
1542 972 1632 1019 ideo
1665 973 1966 1030 distinguuntur
2000 1009 2013 1031 ‚
2057 980 2151 1034 quia
2184 982 2230 1024 in

1187 1027 1312 1089 tribus
1343 1027 1568 1082 prioribus,
1602 1043 1742 1084 praeter
1760 1033 2024 1088 consensum,
2057 1035 2236 1082 interve-

1186 1094 1249 1124 nit
1277 1083 1402 1127 etiam
1436 1101 1520 1138 res,
1555 1087 1616 1128 vel
1651 1103 1727 1131 vox
1753 1121 1765 1141 ‚
1799 1089 1861 1132 vel
1896 1090 2055 1146 scriptio
2076 1125 2085 1135 .

1244 1142 1306 1183 Re
1351 1141 1476 1196 igitur
1523 1144 1780 1188 contrahitur
1821 1145 2017 1200 'obligatio
2065 1151 2228 1206 quando

1185 1196 1233 1238 ad
1275 1198 1513 1242 consensum
1557 1216 1617 1244 res
1658 1202 1852 1244 accedit:
1899 1219 2025 1259 eaque
2068 1207 2132 1250 vel
2180 1224 2230 1253 ex

1186 1254 1395 1297 contraetu
1432 1255 1507 1298 five
1538 1272 1588 1300 ex
1619 1258 1894 1301 conventione
1920 1263 2131 1308 nominata
2152 1280 2230 1308 na-

1189 1310 1308 1353 scitur
1329 1344 1340 1365 ,
1374 1312 1436 1354 vel
1470 1314 1681 1357 contraclu
1712 1314 1975 1359 innominato
2000 1350 2008 1360 .
2043 1321 2230 1365 Contra·

1185 1366 1271 1410 &tus
1304 1369 1509 1412 nominati
1547 1371 1667 1422 sunt,
1697 1372 1764 1426 qui
1800 1385 1956 1417 certum
1990 1380 2230 1421 non-tenin-

1187 1437 1386 1468 venerunt
1430 1429 1471 1468 in
1515 1427 1610 1478 Jure
1651 1428 1826 1482 Civili3
1869 1430 2126 1477 innominati
2159 1436 2231 1490 qui

1188 1481 1348 1524 nullum
1380 1483 1430 1525 ab
1460 1499 1508 1526 eo
1523 1499 1675 1527 nomen
1694 1500 1964 1540 acceperunt.
1995 1490 2120 1534 Tales
2139 1491 2230 1535 sunt

1186 1539 1499 1583 Conventiones
1541 1540 1622 1584 illae
1652 1543 1700 1584 do
1726 1573 1739 1596 ‚
1780 1555 1823 1585 ut
1853 1544 1922 1587 des
1953 1561 1972 1596 ‚¹
2003 1545 2106 1599 facio
2138 1579 2151 1602 ‚
2182 1560 2226 1591 ut

1182 1593 1313 1648 facias
1333 1611 1346 1647 ;
1370 1595 1505 1650 facio,
1536 1611 1578 1640 ut
1610 1599 1702 1653 des-3
1733 1600 1781 1642 do
1804 1632 1816 1653 ,
1847 1613 1890 1644 ut
1915 1599 2074 1654 facias.

1243 1653 1469 1697 Nominati
1501 1668 1635 1698 autem
1668 1657 1900 1701 contractus
1929 1660 1997 1714 qui
2024 1661 2226 1708 reineun-

1185 1722 1252 1752 tur
1273 1741 1285 1762 ‚
1336 1710 1415 1754 five
1447 1712 1570 1754 reales
1594 1745 1606 1765 ,
1639 1713 1754 1766 sunt,
1787 1716 1991 1759 Mutuum
2011 1749 2023 1771 ‚
2058 1720 2225 1764 Indebi-

1187 1779 1275 1809 tum
1307 1798 1319 1818 ‚
1350 1768 1704 1823 commodatum,
1741 1772 2005 1826 Depositum,
2039 1776 2190 1832 Pignus
2213 1809 2225 1820 .

1242 1825 1440 1867 Mutuum
1483 1825 1630 1869 dicitur
1655 1859 1667 1880 ‚
1710 1830 1816 1883 quod
1859 1845 1908 1873 ex
1952 1846 2044 1874 meo
2076 1846 2222 1889 tuum,

1185 1879 1262 1923 sive
1293 1881 1530 1935 accipientis
1560 1885 1654 1937 fiat3
1687 1884 1732 1927 in
1765 1901 1886 1940 quem
1909 1888 2225 1937 reidominium

1184 1936 1280 1980 adeo
1312 1938 1478 1992 transit,
1510 1953 1555 1982 ut
1589 1956 1672 1982 non
1703 1955 1873 1996 cogatur
1903 1946 2087 1989 eamdem
2110 1963 2223 2004 rem,

1184 1993 1243 2036 sed
1276 1996 1516 2039 tantundem
1547 1996 1720 2047 eiusdem
1752 1999 1909 2053 generis
1942 2002 2102 2046 reddere
2137 2037 2146 2049 .
2180 2008 2224 2048 I-

1182 2050 1332 2105 deoque
1366 2067 1448 2094 non
1480 2053 1523 2095 in
1558 2054 1709 2109 specie,
1743 2055 1806 2098 vel
1841 2057 1965 2101 statua
1994 2090 2005 2111 ‚
2037 2061 2220 2118 pisiura,

1183 2105 1286 2169 libro
1314 2139 1326 2161 ,
1359 2108 1418 2151 sed
1453 2108 1493 2151 in
1524 2111 1750 2164 quantitate
1783 2127 1974 2158 mutuum
2007 2117 2182 2161 consistit
2202 2151 2216 2175 ,

1181 2178 1264 2214 ejus
1297 2164 1378 2217 rei,
1409 2180 1496 2218 quae
1527 2167 1594 2209 usu
1610 2168 1889 2222 consumitur,
1923 2187 2070 2228 nempe
2086 2175 2218 2231 Vini,

1181 2220 1332 2264 Tritici
1354 2253 1366 2274 ,
1398 2222 1490 2265 Olei
1508 2224 1743 2279 ,Pet-uniat,
1762 2226 2036 2285 similiumque
2050 2247 2185 2276 rerum
2201 2266 2214 2288 ,

1180 2293 1268 2333 quae
1300 2277 1557 2324 fumstionem
1582 2282 1756 2336 recipere
1781 2283 1970 2329 dicuntur
1996 2287 2038 2329 in
2069 2303 2216 2342 genere

1181 2335 1275 2399 suo5
1302 2336 1406 2390 quod
1431 2335 1606 2381 aliorum
1622 2339 1707 2382 vice
1723 2338 1941 2395 fungatur.
1969 2344 2213 2392 Comsumta

1179 2406 1289 2455 enim
1316 2405 1423 2436 certa
1454 2393 1556 2436 Vini
1581 2396 1839 2450 quantitate,
1868 2400 2054 2444 eamdem
2087 2404 2212 2449 etiam

1181 2449 1285 2491 Vim
1327 2449 1531 2494 restituere
1573 2452 1763 2496 debemus
1793 2454 1893 2506 ;·&
1934 2459 2124 2512 quamvis
2166 2461 2213 2505 sit

1177 2504 1285 2569 aliud
1318 2507 1505 2560 Vinum,
1536 2520 1676 2552 tamen
1708 2510 1814 2554 idem
1829 2512 1988 2557 reddere
2003 2515 2213 2573 videmur,

1176 2577 1271 2618 quta
1302 2578 1428 2627 genus
1460 2579 1620 2618 rerum,
1652 2565 1696 2609 δι
1727 2565 1814 2611 idea
1847 2584 2058 2627 nunquam
2080 2573 2210 2628 perit.

1233 2619 1357 2663 Atho
1379 2633 1551 2685 autern,
1581 2638 1659 2679 qua
1691 2626 1908 2680 repetimus
1937 2643 2061 2683 genus
2081 2629 2208 2689 illud,

1173 2675 1216 2718 δε
1246 2690 1518 2741 quantitatem
1549 2680 1599 2721 ab
1629 2695 1678 2722 eo
1702 2712 1714 2734 ‚
1745 2681 1813 2738 qui
1846 2685 2036 2739 accepit,
2066 2688 2207 2743 appel-

1172 2731 1280 2776 latur
1319 2748 1419 2778 certi
1462 2735 1665 2779 condietio
1689 2769 1701 2791 ‚
1747 2740 1844 2795 quia
1890 2743 2099 2797 quantitas
2128 2745 2204 2792 illa

1721 2852 1826 2910 ·Gg
2167 2858 2210 2903 Si

1206 2963 1291 3004 (ε)
1317 2968 1353 2996 L.
1381 2976 1448 3006 quae
1474 2968 1573 2998 Pam
1597 2976 1648 3006 50.
1670 2963 1712 3009 ff.
1736 2967 1775 2998 de
1793 2968 1878 3009 sam·
1904 2969 2011 3008 hen-is:
2033 2968 2126 3010 sust.
2161 2973 2198 3006 in

128 3005 140 3039 ί
154 2999 197 3037 ό)
221 3001 355 3034 Novem.
383 3002 419 3032 8.
442 3007 510 3042 cap.
536 3005 567 3032 6.
592 3003 683 3033 auth.
709 3013 746 3035 ex
771 3002 958 3043 testamento
981 3010 1018 3039 C.
1043 3010 1117 3044 Col·
1162 3010 1253 3041 autb.
1280 3009 1362 3051 quod
1385 3011 1488 3042 locum
1512 3022 1543 3042 n.
1573 3019 1600 3048 3.
1627 3010 1666 3041 (5·
1689 3021 1722 3049 4.
1747 3013 1781 3042 C.
1810 3013 1848 3043 de
1871 3014 2047 3045 ecltaeion.

77 3045 197 3129 taecwcn).
220 3087 322 3122 Deera
345 3092 480 3123 Noven.
508 3091 538 3121 8.
565 3098 632 3134 cap.
662 3093 696 3125 6.
720 3091 787 3126 σε.

116 3133 194 3176 (d)
217 3135 256 3168 L.
287 3145 334 3176 15.
361 3137 396 3167 C.
421 3136 458 3169 da
479 3134 567 3178 pac'l.

1204 3053 1284 3095 (f)
1309 3057 1361 3085 De
1383 3055 1489 3087 cottae.
1516 3055 1584 3087 dor.
1607 3054 1647 3086 (τ
1671 3067 1745 3088 nov.
1777 3057 1824 3087 18.
1853 3064 1918 3096 cap.
1949 3060 1981 3088 6.

1205 3098 1291 3142 (g)
1313 3099 1350 3130 L.
1374 3112 1407 3140 4.
1430 3101 1454 3133 Ι.
1480 3100 1508 3131 8.
1532 3101 1555 3133 Ι.
1588 3109 1615 3132 1.
1642 3101 1678 3133 C.
1703 3100 1742 3134 de
1766 3101 1885 3133 c'oltar-
1912 3099 1976 3133 doe.
