2451 3470
473 117 1863 201 JURISRECEPTIORIS.
2142 142 2247 196 ²13

107 204 311 263 piuntur,
344 217 474 259 neque
507 219 528 245 a
562 217 658 245 vero
690 200 878 244 Domino
909 198 1153 260 abscedunt,
1202 195 1416 260 morabilis
1442 227 1454 249 ‚
1501 210 1583 260 per·
1612 205 1736 250 quam
1782 195 1888 239 bona
1918 197 2013 242 fides
2045 200 2252 256 praesumi-

108 260 296 319 quamvis
338 259 490 303 nesciat
528 270 694 315 emptor
723 257 798 302 esse
828 256 1000 300 furtivas
1033 287 1045 308 ‚
1079 254 1153 297 nisi
1200 268 1297 309 tur,
1329 254 1372 298 &
1403 253 1524 306 justus
1556 252 1724 297 titulus.

110 319 196 374 post
227 315 456 361 violentam
487 315 802 371 occupationem
835 345 848 368 ,
879 313 922 356 &
954 313 1037 367 post
1069 311 1150 354 fur-

109 387 201 419 tum
234 389 294 418 res
327 373 408 418 illae
442 372 636 417 redierint
665 372 712 415 ad
748 372 863 415 suum
890 370 1153 420 Dominum,
1317 368 1361 410 T
1421 369 1441 411 1
1502 370 1545 412 T
1606 369 1651 411 U
1711 369 1745 412 L
1804 368 1849 411 U
1909 369 1937 412 S
2053 372 2133 415 IV.

107 447 207 476 narn
241 443 330 474 tum
364 431 515 473 vitium
545 442 699 473 exuunt
719 453 744 482 ‚·
764 428 931 482 ideoque
964 427 989 470 fi
1021 443 1042 469 a
1068 441 1150 469 non

109 487 300 532 Domino
346 487 470 531 alicui
504 488 732 530 vendantur
754 516 771 539 ,
812 497 880 528 aut
909 485 1114 528 donentur
1140 515 1151 537 ‚
1516 484 1582 527 De
1614 483 1935 528 Donationibus.

112 546 145 589 is
169 577 182 600 ‚
213 546 283 603 qui
314 545 423 589 bona
453 545 529 588 fide
560 543 761 599 accipiat,
792 543 1026 587 dominium
1059 541 1150 585 illa-

107 615 203 647 rum
236 618 306 658 per
336 601 626 657 usucapionem
658 600 835 656 adquirit
861 631 872 644 .
1214 596 1299 697 Α
1320 598 1362 638 D
1403 596 1687 653 acquisitiones
1732 598 1779 642 de
1811 597 1895 649 jure
1928 597 2043 643 civili
2075 599 2254 656 pertinet

167 663 249 704 Res
279 660 407 714 Fisti,
439 674 533 703 cum
567 655 654 701 non'
684 658 760 701 sint
793 659 835 701 in
868 656 1154 710 commercio,
1335 654 1460 697 etiam
1493 655 1662 699 donatio
1690 687 1703 709 ,
1754 668 1917 712 propter
1948 655 2126 700 formam
2160 658 2253 701 inde

107 717 272 773 usucapi
303 727 538 773 nequeunt,
566 716 744 769 exceptis
775 716 891 758 bonis
918 715 1153 759 hereditatis
1203 722 1365 766 accepta
1434 742 1443 755 .
1489 713 1674 757 Donatio
1705 725 1842 756 autem
1875 713 1929 756 est
1948 744 1963 766 ‚
1993 714 2100 770 quod
2135 713 2256 769 spon-

106 775 222 818 Fisco
255 774 443 818 vacantis
465 788 477 826 3
510 788 605 816 curn
626 773 726 830 quis
757 772 960 815 nimirum
996 771 1075 815 sine
1098 784 1154 814 te·
1203 782 1242 812 te
1262 769 1304 811 &
1326 769 1396 811 nul
1419 785 1444 812 o
1464 782 1633 823 cogente
1654 771 1908 814 conceditur.
1944 771 2058 814 Nam
2079 772 2184 827 quod
2204 771 2253 815 ad

107 831 310 875 stamento
337 862 349 884 ‚
391 847 437 874 ac
469 828 549 872 sine
582 828 776 883 legitimo
809 829 953 872 herede
985 828 1153 871 decesse-
1203 827 1456 872 referendam
1500 828 1676 883 gratiam
1711 859 1724 881 ‚
1769 828 1833 872 vel
1864 828 1911 871 ad
1946 827 2157 872 servitium
2190 843 2258 872 re·
2293 824 2300 830 ”

105 889 164 932 rit
196 920 209 943 ‚
257 903 345 944 quae
394 899 618 942 antequam
662 884 775 929 Fisco
823 885 1154 939 demandentur,
1204 885 1504 929 munerandum
1536 886 1652 928 datur
1683 915 1696 937 ‚
1739 885 1905 928 donatio
1939 884 2164 941 improprie
2195 884 2257 928 di-

103 945 320 1000 ·usucapere
354 943 521 988 licebit.
1203 942 1314 987 citur
1334 976 1349 998 ,
1381 941 1608 998 appellatur
1643 954 1781 986 autern
1814 943 2132 987 remuneratoria
2153 966 2172 985 ‚-

164 1002 249 1057 Qui
291 1017 379 1046 rem
422 1001 601 1046 alie—nam
633 1001 801 1046 a·Fisc0
826 1032 838 1053 ‚
888 1000 951 1045 vel
985 1001 1034 1044 ab
1068 1002 1153 1043 Im-
1262 1004 1358 1045 Duo
1392 1001 1481 1043 sun-t
1512 1001 1788 1045 donationum·
1817 1016 1965 1056 genera
1995 1001 2131 1044 mortis
2159 1016 2254 1044 cau-

106 1070 291 1116 peratore
322 1090 336 1113 ,
366 1072 438 1113 aut
468 1060 518 1102 ab
549 1060 731 1113 Augusta
758 1091 770 1113 ,
804 1059 882 1103 five
917 1058 1155 1115 Imperatri-
1195 1060 1277 1114 sa,
1310 1058 1367 1102 Θ·
1398 1060 1499 1102 inter
1533 1060 1677 1102 vivos.

108 1133 155 1162 ce
196 1118 344 1161 emerit
377 1148 390 1171 ‚
420 1116 578 1160 etiamsi
622 1119 715 1160 eam
764 1131 847 1160 non
882 1116 1154 1172 usucoeperit‚
1262 1116 1445 1160 Donatio
1477 1118 1613 1160 mortis
1643 1115 1760 1172 causa
1791 1115 1845 1160 est
1877 1115 1948 1164 illa
1969 1146 1980 1166 ,
2011 1114 2123 1168 cuius
2155 1124 2253 1158 cau·

104 1186 249 1218 tamen
290 1174 341 1218 ab
382 1173 506 1218 initio
536 1174 590 1218 est
622 1173 778 1218 securus
808 1207 821 1229 ‚
866 1181 996 1230 neqtoe
1027 1175 1077 1216 ab
1107 1189 1156 1216 eo
1205 1174 1241 1218 sa
1289 1175 1478 1230 dirigitur
1510 1174 1569 1217 ad
1612 1187 1788 1217 mortem
1816 1205 1830 1226 ,
1883 1174 2028 1217 adeour
2071 1172 2250 1217 viventis

103 1231 231 1276 avelli
274 1232 438 1286 potest3
488 1231 550 1274 sed
583 1231 791 1284 Dominus
822 1230 906 1283 ejus
931 1232 995 1275 vrei
1030 1231 1155 1274 affio-
1203 1231 1376 1275 arbitrio
1410 1246 1621 1275 revocetur
1644 1262 1658 1284 ‚
1710 1243 1918 1286 propterea
1950 1230 2054 1287 quod
2085 1247 2107 1273 a
2141 1245 2256 1273 mor-

105 1300 205 1333 nem
235 1303 308 1345 zper
337 1288 656 1346 quadriennium
688 1288 856 1332 habebit
887 1289 1072 1333 adversus
1088 1288 1154 1331 Fi·
1204 1291 1256 1333 tis
1300 1290 1656 1345 contemplatione
1700 1287 1881 1342 procedit
1907 1317 1916 1330 .
1969 1286 2257 1342 Quamobrem

104 1346 258 1400 scum3
301 1361 426 1402 quam
480 1346 507 1389 fi
558 1345 668 1389 intra
707 1346 1025 1402 quadriennium
1070 1361 1155 1388 non
1204 1347 1232 1390 fi
1277 1347 1367 1403 quis
1399 1348 1523 1390 donet
1555 1362 1649 1395 cum
1684 1345 1788 1389 vivit
1820 1359 1903 1387 non
1937 1341 2258 1398 contemplatio·

101 1404 369 1457 exercuerit‚
408 1402 532 1448 omni
567 1402 746 1447 remedio
777 1403 1156 1458 de·st.ituetur.‚[a]
1205 1420 1255 1449 ne
1286 1405 1434 1448 mortis
1472 1436 1487 1457 ‚
1522 1404 1583 1448 sed
1617 1416 1778 1445 tantum
1812 1401 2039 1444 utilitatem
2069 1399 2153 1451 ejus
2183 1400 2260 1442 do-

165 1460 442 1516 Praescriptio,
475 1460 863 1516 post·Justinianurn
887 1493 903 1514 ‚
935 1463 985 1505 ab
1017 1462 1152 1504 usuca·
1206 1462 1385 1506 nationis
1431 1462 1480 1505 ad
1523 1473 1702 1505 mortem
1745 1459 1879 1503 differt
1909 1490 1923 1510 ,
1972 1458 2015 1500 &
2045 1457 2256 1501 executio-

101 1518 228 1575 Pione
262 1517 342 1561 fere
375 1532 459 1560 non
491 1518 656 1571 differt,
686 1518 762 1562 nisi
783 1520 889 1576 quod
909 1519 1157 1575 praescriptio
1205 1535 1332 1573 nem3
1367 1519 1397 1562 is
1430 1533 1513 1562 non
1547 1517 1694 1562 mortis
1726 1516 1866 1569 causa,
1902 1514 1962 1558 sed
1995 1515 2105 1558 inter
2138 1514 2255 1556 vivos

103 1574 341 1620 extenditur
383 1576 432 1618 acl
465 1574 655 1632 longiora
684 1588 872 1632 tempora
902 1607 917 1630 ‚
961 1577 1156 1633 pluraque
1204 1579 1354 1621 donare
1399 1576 1583 1620 censetur
1612 1607 1627 1630 9
1651 1622 1655 1625 ,
1675 1574 1772 1631 quia
1815 1571 2016 1633 obligatio
2049 1570 2200 1627 incipit
2230 1586 2256 1614 a

105 1632 230 1677 habet
264 1631 389 1689 spatia
418 1664 431 1687 ,
476 1649 549 1688 pro
579 1632 775 1690 qualitate
809 1649 945 1678 rerum
978 1634 1154 1690 praescri·
1205 1647 1389 1691 tempore
1423 1635 1542 1678 vitae.
1818 1687 1821 1689 ‚

105 1690 369 1734 bendarum.
417 1692 561 1747 Itaque
604 1707 665 1734 res
708 1690 911 1735 violent-er
955 1692 1156 1746 possessae,
1263 1693 1448 1738 Donatio
1491 1704 1629 1736 autem
1675 1691 1784 1735 inter
1825 1689 1942 1733 vivos
1973 1686 2152 1732 consistit
2183 1686 2259 1729 sta-

108 1760 181 1792 aut
213 1747 403 1802 furtivae,
435 1764 522 1804 quae
555 1748 680 1804 spatio
707 1747 852 1792 *decem
875 1780 887 1801 ‚
918 1762 987 1792 aut
1021 1744 1157 1805 vigim
1206 1751 1281 1795 tim
1332 1749 1497 1808 ut'qu-is
1532 1764 1631 1794 voce
1661 1777 1672 1797 ‚
1722 1761 1791 1792 aut
1826 1747 1974 1802 scripto
2005 1743 2217 1788 donaverit
2242 1773 2256 1796 9

109 1805 141 1849 ti
175 1820 380 1850 annorum
401 1837 414 1859 ,
440 1819 510 1849 aut
539 1805 896 1861 -trienniousucapi
917 1819 1156 1863 nequeunt,
1179 1808 1247 1854 .&
1290 1807 1392 1852 alter
1440 1823 1528 1851 rem
1569 1806 1767 1850 donatam
1800 1802 2073 1859 acceptaverit
2092 1833 2104 1856 ,
2139 1801 2259 1844 dum-

107 1862 343 1920 longiffimo
375 1875 561 1919 tempore
596 1894 609 1917 ‚
644 1878 793 1918 nempe
825 1863 995 1919 triginta
1026 1881 1157 1908 anno-
1179 1855 1187 1930 1
1207 1866 1330 1910 modo
1360 1880 1452 1909 eam
1484 1864 1752 1915 donationem
1789 1894 1801 1915 ,
1835 1862 1861 1905 si
1891 1860 2164 1918 quingentum
2199 1859 2261 1902 so·

107 1935 201 1964 rum
235 1920 578 1976 praescribunt-ur,
609 1920 710 1964 ficut
735 1920 783 1964 ἃ
814 1922 1157 1966 anionesomnes
1181 1931 1184 1943 ³
1206 1923 1307 1967 lidos
1337 1922 1505 1967 excedat
1529 1953 1542 1976 ‚
1584 1921 1682 1964 astis
1714 1919 1890 1963 insinuet
1921 1950 1932 1972 2
1967 1917 2043 1961 hoc
2075 1915 2128 1959 est
2147 1948 2162 1969 ‚
2193 1931 2255 1958 re·

106 1977 336 2033 personales
373 2008 383 2019 .
429 1978 521 2029 (b)
552 1979 610 2020 At
642 1978 821 2022 actiones
853 1979 1159 2034 hypothecariae
1179 2019 1186 2042 ξ
1206 1981 1308 2026 ferat
1340 1982 1383 2024 in
1416 1980 1504 2024 aeota
1538 1979 1697 2034 publica
1721 2009 1734 2019 .
1785 1978 1897 2019 Nam
1931 1989 1977 2018 ea
2009 1988 2097 2036 pars
2125 2005 2136 2027 ‚
2169 1986 2257 2028 quae

110 2034 209 2088 [c]
254 2034 356 2079 item
399 2033 581 2077 afflones
619 2034 859 2086 injudicio
891 2050 1048 2091 motae,
1092 2038 1332 2082 de-‘talem
1391 2038 1595 2081 summam
1643 2033 1803 2079 excedit
1831 2065 1845 2086 ‚
1889 2032 1915 2075 si
1961 2032 2128 2074 donatro
2173 2043 2260 2071 non
2302 2083 2309 2089 q

109 2092 204 2136 inde
238 2091 389 2135 omiffae
416 2107 429 2144 3
455 2091 478 2144 ,[
503 2091 573 2145 d]
603 2091 647 2134 ἃ.
679 2091 857 2136 actiones
889 2094 1038 2138 fiscales
1066 2126 1078 2148 ‚
1110 2095 1158 2138 ad
1205 2096 1328 2139 fuerit
1373 2093 1573 2137 insinuata
1596 2123 1612 2144 ,
1657 2092 1856 2135 remanet'
1880 2088 2014 2132 adhuc
2046 2088 2089 2131 in
2122 2085 2258 2130 dorni-

109 2164 172 2197 res
217 2149 450 2207 repe-tendas
478 2179 490 2201 ‚
535 2148 695 2192 nonnisi
726 2150 995 2207 quadraginta
1027 2167 1156 2196 anno·
1207 2154 1277 2196 nio
1310 2151 1502 2195 donantis
1523 2182 1532 2195 .
1567 2150 1644 2204 [1⁴3

105 2221 201 2250 sum
236 2206 361 2261 spatio
392 2205 723 2262 praescribantur.
755 2207 843 2262 [e]
1259 2211 1368 2253 Sunt
1399 2222 1537 2252 autem
1567 2205 1808 2250 donationes
1838 2204 2048 2261 quaedam,
2079 2217 2168 2259 quae
2182 2216 2256 2245 cu-

167 2264 362 2307 Praeterea
405 2263 593 2307 Ecclesiae
637 2265 743 2308 bona
787 2265 948 2309 nonni-si
991 2266 1159 2322 quad-ra·
1208 2266 1441 2322 juscumque
1474 2266 1639 2309 summae
1670 2263 1748 2307 fint
1773 2295 1785 2317 ,
1817 2263 1943 2306 etiam
1977 2259 2259 2304 fineinsinua-

79 2321 222 2378 ,ginta
253 2336 458 2365 art-norum
493 2321 619 2376 spatio
653 2323 983 2377 praescribantur,
1014 2325 1177 2370 etiarm.
1208 2326 1320 2369 tione
1371 2324 1542 2367 valent:
1586 2337 1737 2377 nempe
1780 2317 2111 2364 remuneratoriae
2143 2348 2156 2371 ‚
2187 2325 2258 2360 aut

107 2380 136 2422 fi
184 2378 363 2423 Ecclesia
395 2378 624 2434 praescribat
654 2379 838 2422 adversus
870 2380 994 2424 aliam
1023 2414 1032 2424 .
1081 2381 1159 2438 [f]
1208 2383 1254 2426 ad
1289 2382 1399 2439 pia-m
1432 2381 1592 2425 causam
1622 2411 1638 2434 ‚
1688 2378 1752 2423 vel
1783 2393 1871 2434 quae
1904 2376 2018 2420 venit
2049 2391 2071 2421 a
2101 2373 2260 2418 Princi-

164 2437 331 2499 §ontra
362 2435 589 2479 Ecclesiam
621 2449 758 2493 autem
791 2439 1029 2482 Romanam
1061 2455 1158 2494 prae-
1207 2455 1256 2496 pe
1294 2472 1309 2493 ,
1340 2451 1407 2483 a-ut
1436 2455 1460 2482 a
1497 2441 1612 2482 Duce
1642 2437 1688 2480 in
1722 2435 1807 2479 suos
1839 2435 2006 2477 Milites
2070 2444 2140 2476 aut
2169 2444 2260 2488 quat

110 2492 278 2548 scriptio
321 2509 406 2538 non
447 2492 641 2550 praevalet
662 2524 693 2549 2,
722 2493 795 2539 nisi
828 2507 997 2540 centurn
1027 2511 1157 2541 anno·
1208 2498 1314 2542 cedit
1342 2496 1389 2539 viri
1421 2495 1760 2540 instaurationem
1792 2492 1998 2536 AEdificii.
2024 2467 2150 2553 ikJ·

108 2565 203 2593 Tum
224 2581 234 2592 ·
266 2551 348 2606 [gi
648 2560 653 2565 '
1267 2555 1451 2598 Donatio
1495 2565 1631 2597 autem
1684 2553 1791 2595 inter
1823 2550 1938 2593 vivos
1971 2563 2151 2591 revocari
2184 2560 2259 2590 ne·

171 2607 240 2650 Est
281 2608 414 2651 aliena
459 2607 706 2665 praesc-riptio
751 2609 940 2667 prodiens
967 2627 989 2656 e
1020 2610 1161 2667 posses-
1208 2613 1298 2668 quit
1324 2644 1336 2666 ‚
1380 2611 1454 2656 nisi
1495 2623 1568 2654 aut
1610 2606 1860 2653 Donatarius
1893 2606 2012 2650 fuerit
2043 2604 2258 2660 ingratus,

113 2664 224 2708 sione
255 2695 267 2716 ,
314 2663 425 2715 cujus
466 2666 637 2711 initium
682 2667 726 2710 i'n
770 2668 924 2711 nullius
958 2671 1160 2725 memoria
1213 2671 1285 2724 [l]
1317 2682 1388 2714 aut
1420 2671 1608 2712 Donator
1638 2667 1723 2724 post
1754 2664 2025 2708 donationem
2047 2661 2258 2716 susceperit

114 2721 285 2779 superest
315 2751 332 2776 ‚
384 2736 471 2778 quae
518 2723 667 2768 dicitur
712 2725 963 2783 praescriptio
1009 2727 1160 2773 imme·
1210 2729 1387 2772 liberos.
1420 2725 1515 2781 [m]
2212 2771 2259 2818 Si

2152 2914 2260 2927 -1——1-'

1376 2977 1510 3008 Novell.
1535 2977 1601 3007 ult.
1633 2999 1644 3014 ,
1670 2976 1709 3008 (9‘
1733 2977 1829 3008 inter.
1856 2985 1907 3014 23.
1930 2977 1969 3007 C.
1994 2977 2109 3008 sacros
2134 2972 2258 3013 EccteJ:

160 2971 242 3012 (a)
271 2972 306 3002 L.
336 2983 366 3004 2.
396 2976 430 3004 C·
457 2974 494 3006 de
519 2973 725 3016 quadriennii
747 2977 922 3020 prescrip.
1252 2976 1338 3019 (g)

159 3019 178 3057 ζ
196 3016 245 3055 b)
272 3020 308 3048 L.
339 3028 350 3049 1
389 3017 428 3049 (9⁴
454 3027 483 3057 3.
510 3021 535 3049 C
570 3020 607 3050 Ae
630 3021 813 3062 prescrip...
829 3031 879 3060 30.
904 3023 958 3054 vet
982 3031 1036 3060 4ο.
1063 3035 1140 3058 mn.
1178 3038 1180 3040 v
1255 3038 1258 3052 1
1280 3023 1326 3058 h)
1348 3024 1430 3062 Cup.
1463 3031 1489 3052 1.
1516 3022 1552 3053 de
1577 3022 1751 3063 praescnpt.
1779 3022 1813 3052 in
1829 3023 1866 3051 τό.

155 3065 180 3103 -(
196 3064 241 3099 c)
270 3064 303 3092 L.
335 3070 366 3100 7.
394 3066 428 3094 C.
453 3064 491 3095 de
514 3065 685 3106 praescript.
716 3074 768 3104 30.
792 3067 850 3098 vel
872 3076 922 3105 40.
949 3077 1026 3099 ann.
1253 3067 1272 3106 (
1291 3066 1304 3095 ἰ
1320 3066 1338 3099 Ἶ
1364 3066 1399 3096 L.
1425 3061 1658 3098 sav-'eimustu
1687 3068 1723 3099 de
1752 3066 1917 3098 domnion·

154 3108 211 3148 (d
225 3108 244 3147 )
270 3111 306 3139 L.
337 3118 364 3139 1.
392 3109 419 3149 §.
446 3109 486 3140 aa
511 3109 568 3140 nac
591 3114 627 3142 c.
653 3111 690 3141 de
715 3112 823 3145 annal.
848 3117 970 3154 except·
1254 3113 1273 3149 (
1288 3110 1308 3143 k
1327 3109 1348 3147 .)
1374 3111 1409 3139 L.
1435 3109 1461 3149 [ἰ
1484 3112 1554 3153 quis
1577 3099 1742 3151 perso-eum
1767 3113 1802 3141 C.
1830 3109 1867 3141 de
1890 3109 2007 3145 donn·

159 3154 230 3190 (e)
258 3155 293 3183 Ι.
321 3155 382 3185 ult.
410 3153 447 3184 de
466 3155 571 3195 fundo
599 3156 740 3188 Patri'm.
1256 3158 1275 3194 ζ
1292 3156 1332 3192 l)
1360 3155 1393 3183 L·
1422 3158 1473 3186 ult
1514 3158 1538 3185 C
1574 3156 1611 3186 de
1635 3156 1747 3187 denae.

151 3198 171 3237 (
211 3199 228 3236 )
252 3200 288 3230 C.
313 3199 400 3232 illud
424 3199 460 3232 de
486 3199 647 3244 prescrip.
1262 3198 1354 3242 (m)
1383 3198 1415 3230 L·
1435 3200 1465 3242 fi
1488 3210 1627 3243 unquam
1654 3203 1688 3237 0.,
1716 3199 1782 3233 eod.
