2451 3470
191 125 301 175 192
660 108 703 180 J.
783 107 853 161 V.

161 197 302 226 autem
335 195 414 224 avo
445 191 653 226 materno.

975 106 1154 161 GR

285 288 900 340 TITULUS
1015 295 1071 336 v.

505 447 510 450 .
545 412 610 454 De
642 410 818 464 nuptijs.

287 525 410 569 Ritur
458 536 597 567 autem
632 522 763 565 Patria
797 521 966 576 potestas
1005 520 1068 564 vel
1101 523 1188 564 Na-

301 582 483 625 turaliter
513 613 524 633 ,
558 580 621 622 vel
654 579 855 622 Civilite‘
882 610 891 620 .
927 579 1189 622 Naturaliter

152 654 202 684 ex
238 639 515 682 procreatione
549 637 730 678 filiorum
764 651 833 690 per
864 635 978 684 justas
1001 636 1184 689 nuptias:

149 697 350 739 Civiliter
382 712 430 738 ex
462 694 677 747 adoptione
700 726 711 744 ,
745 693 806 734 vel
845 691 1148 745 legitimatione
1176 725 1185 734 .

150 755 274 796 Unde
319 752 427 807 prius
458 751 504 793 de
540 751 691 802 nuptiis
723 749 902 791 dicemus
928 780 936 789 .
970 750 1140 803 Nuptiae
1173 771 1209 804 ,ρ

1235 107 1823 166 AVINAE

1217 183 1349 227 litem
1383 183 1491 228 linea
1510 186 1941 249 Transversaduplext
1975 187 2181 254 AEquali83
2215 189 2294 237 hoc

1248 242 1301 303 est
1343 256 1486 284 eorum
1513 273 1525 295 ,
1572 259 1639 298 qui
1672 260 1693 285 a
1725 243 1937 288 communi
1973 247 2101 306 stipite
2138 250 2298 301 paribus

1255 298 1400 358 distant
1447 301 1678 344 intervallis
1701 331 1712 350 ‚
1765 313 1816 344 ut.
1857 302 1946 344 sunt
1975 304 2053 346 duo
2084 303 2224 348 fratres
2253 307 2298 348 δε

1243 359 1418 397 duorum
1453 357 1622 399 fratrum
1653 358 1757 400 filii:
1791 358 1834 401 &
1869 355 2112 414 Inaequalis,
2143 377 2290 406 eorum

1245 426 1392 465 nempe
1426 443 1436 465 ‚
1479 415 1547 470 qui
1597 414 1826 457 intervallis
1855 414 2000 458 distant
2030 416 2284 473 imparibus,

1240 483 1495 524 quorumque
1528 470 1677 514 sursum
1707 471 1811 514 alter
1841 471 1967 515 fertur
1988 504 2003 526 ‚
2035 473 2137 516 alter
2167 475 2291 518 deor-

1243 529 1375 587 1uni3
1403 540 1450 587 ut
1494 526 1629 570 fratris
1671 528 1777 571 filius
1808 528 1851 571 &
1883 543 2047 586 patruus
2080 560 2093 582 ,
2138 531 2290 575 scilicet

1240 594 1363 636 patris
1393 586 1532 645 tra-ter.
1579 587 1638 626 Ut
1669 598 1807 627 autem
1828 587 2123 640 cognoscatur,
2155 599 2284 642 quoto

1239 639 1361 691 gradu
1391 639 1553 695 quisque
1587 641 1633 682 fit
1657 673 1668 694 ‚
1701 643 1940 697 exponenda
1973 642 2028 685 est
2059 644 2162 686 ratio
2191 660 2287 699 gra-

1239 694 1362 736 duum
1396 698 1792 751 computandorum.

1296 755 1431 807 Atque
1482 755 1523 796 in
1558 754 1663 797 linea
1697 755 1859 812 quidem
1894 755 1998 799 reSta
2031 767 2116 798 tam
2147 757 2285 800 ascen-

149 810 225 853 sive
259 808 570 852 matrimonium
601 807 654 850 est
688 807 763 848 viri
797 806 839 848 ὃς
872 805 1056 848 mulieris
1088 822 1183 848 con-
1204 808 1209 834 ¹
1233 807 1417 852 dentium
1437 842 1449 863 ‚
1481 827 1603 866 quam
1637 812 1967 856 descendentium
1983 812 2173 868 quaelibet
2201 830 2290 867 per-

146 867 298 917 imeiio
335 864 554 907 individuae
589 864 680 906 vitae
713 862 1048 906 consuetudinem
1082 879 1176 905 con-

145 924 282 966 tinens
310 954 319 964 .
363 920 606 973 Huiusmodi
652 919 881 964 contractus
913 935 1007 962 cum
1038 936 1060 962 a
1092 921 1180 972 Jesu

145 980 308 1022 Christo
352 978 541 1021 Domino
584 978 716 1020 nostro
763 977 935 1018 sublatus
979 975 1102 1019 fuerit
1134 977 1180 1019 ad

146 1036 387 1091 dignitatem
420 1033 675 1078 sacramenti
708 1066 718 1087 ‚
764 1038 948 1076 exemtus
980 1035 1032 1075 est
1064 1050 1085 1076 e
1111 1050 1174 1089 po-

141 1096 279 1137 testate
312 1094 416 1144 Juris
451 1092 627 1144 Civilis;
659 1091 700 1134 &
735 1090 889 1146 prorsus
923 1090 1102 1134 redactus
1133 1092 1180 1133 ad

1237 873 1327 907 lona
1361 883 1488 910 unum
1522 869 1730 912 constituit
1759 871 1930 924 gradum
1956 903 1973 915 ,.
2021 871 2141 920 Unde
2172 871 2282 915 filius

1234 922 1336 976 patri
1367 924 1421 985 est
1454 925 1497 966 in
1529 926 1664 979 primo
1697 928 1850 982 gradu3
1883 942 1977 969 nam
2013 926 2055 968 in
2071 925 2280 971 hacllinea

1235 990 1321 1021 tum
1362 996 1448 1031 Jure
1493 983 1662 1035 Civili,
1706 998 1795 1025 tum
1845 985 2068 1025 canonum
2105 995 2163 1024 tot
2199 1000 2282 1028 nu-

1234 1051 1442 1081 merantur
1472 1040 1615 1093 gradus
1637 1071 1647 1091 ,
1697 1052 1796 1095 quot
1828 1040 1919 1082 sunt
1953 1039 2129 1094 personae
2151 1071 2163 1091 ‚
2197 1057 2280 1084 una

1230 1094 1394 1136 demta.
1440 1096 1563 1150 Unde
1606 1095 1700 1151 quia
1750 1097 1886 1139 demto
1931 1109 2040 1151 patre
2067 1127 2079 1148 ‚
2114 1097 2282 1151 superest

141 1166 331 1194 normam
363 1150 469 1202 Juris
502 1147 738 1199 canonici,
772 1147 882 1197 cujus
914 1147 967 1189 est
989 1163 1062 1200 ea,
1095 1163 1180 1202 quae
1231 1149 1338 1192 filius
1366 1182 1378 1203 ‚
1426 1152 1493 1205 qui
1525 1152 1578 1194 est
1610 1168 1688 1195 una
1725 1153 1886 1205 persona
1919 1168 1932 1206 3
1964 1152 2051 1196 ideo
2085 1165 2195 1208 pater
2226 1170 2275 1198 ac

144 1209 191 1250 ad
233 1210 494 1250 Sacramenta
528 1205 769 1261 pertinent,
811 1204 1013 1258 explicare
1037 1237 1047 1246 .
1083 1206 1176 1248 Ideo

144 1265 262 1308 fusius
303 1265 348 1308 de
382 1265 442 1306 his
475 1265 516 1305 in
548 1262 867 1307 institutionibus
898 1262 1004 1312 Juris
1036 1263 1172 1304 Cano-

141 1322 224 1364 nici
252 1339 260 1363 :
295 1322 558 1377 contentique
590 1319 657 1364 hic
689 1320 840 1363 erimus
871 1319 1005 1374 aliqua
1040 1318 1170 1361 brevi-

142 1392 203 1423 ter
235 1379 496 1435 perstringere
520 1411 529 1419 .

200 1438 301 1479 Non
336 1437 442 1479 inter
472 1450 614 1478 omnes
648 1433 770 1490 igitur
801 1433 986 1488 personas
1013 1431 1171 1487 nuptias

138 1493 376 1536 contrahere
410 1493 527 1536 licet:
561 1509 606 1534 ac
641 1493 896 1533 LVetantur
930 1490 1078 1543 nuptiae
1110 1491 1169 1532 in-

137 1565 196 1592 ter
226 1550 489 1604 impuberes,
531 1549 598 1606 qui
634 1549 726 1599 Jure
760 1547 889 1590 Civili
923 1548 1171 1589 aestimantur

138 1608 188 1649 ab
220 1606 338 1649 annis
363 1638 374 1659 ‚
415 1607 485 1663 qui
517 1607 560 1649 in
593 1604 776 1648 masculis
811 1605 898 1646 sunt
930 1604 1170 1660 quatuorde-

139 1665 220 1707 cim
245 1695 257 1716 ‚
290 1665 333 1707 in
368 1664 542 1706 faeminis
571 1662 806 1706 duodecim:
841 1662 936 1712 Jure
969 1676 1064 1702 vero
1088 1661 1169 1704 Ca-

139 1721 288 1764 nonico
319 1721 368 1763 ab
400 1721 541 1763 habitu
574 1719 748 1775 corporis
768 1751 780 1772 ,
812 1718 854 1760 ἃ
887 1718 1071 1772 potentia
1103 1733 1164 1760 co-

136 1779 256 1821 eundi
303 1779 361 1819 11.
406 1778 674 1820 prohibentur
707 1776 813 1819 inter
845 1774 1133 1828 consaguineos
1156 1807 1168 1828 ,

132 1835 174 1876 ἓ(
206 1836 343 1877 affines
376 1836 494 1890 usque
526 1835 572 1877 ad
605 1844 792 1888 quartum
826 1832 995 1886 gradum
1027 1831 1072 1872 de
1098 1831 1163 1882 Ju-

133 1908 170 1934 re
213 1892 437 1935 Ganunum
484 1892 526 1934 in
573 1889 941 1942 tranlverfalibus3
979 1889 1023 1930 in
1056 1887 1166 1931 linea

127 1961 265 1992 autem
300 1949 403 2002 reeta
438 1948 479 1990 in
513 1948 726 1990 infinitum
754 1977 763 1988 .

187 2005 535 2061 Consanguinitas
574 2036 587 2057 ,
635 2004 714 2046 live
757 2001 951 2059 cognatio
993 2002 1046 2045 est
1077 2003 1160 2044 Ne-

125 2079 198 2105 xus
241 2063 500 2117 personarum
551 2077 600 2104 ex
644 2060 785 2103 eodem
831 2059 962 2114 stipite
1005 2058 1165 2113 descen·

125 2120 308 2162 dentium
341 2151 351 2171 ‚
402 2132 445 2163 ut
481 2118 618 2161 fratres
650 2150 660 2170 ,
690 2117 733 2159 ὃς
766 2115 938 2159 fratrum
971 2114 1046 2158 filii
1077 2146 1090 2168 ,
1121 2115 1165 2158 ὅ(

127 2178 297 2231 denique
331 2192 474 2219 omnes
499 2208 511 2227 ,
547 2175 613 2231 qui
648 2174 696 2216 ad
730 2189 860 2216 unum
893 2171 1071 2226 stipitem
1105 2187 1163 2214 re-

130 2235 332 2276 ducuntur
369 2263 379 2272 .
429 2231 697 2276 Distribuitur
752 2246 845 2274 vero
885 2228 1077 2282 cognatio
1121 2229 1164 2271 in

129 2289 254 2334 lineas
277 2322 287 2339 ,
321 2290 426 2332 linea
461 2290 502 2331 in
537 2289 708 2344 gradus.
743 2289 868 2330 Linea
899 2287 953 2329 est
985 2285 1162 2328 Ordina-

130 2357 168 2389 ta
227 2347 340 2389 series
385 2347 654 2401 personatum,
695 2344 885 2399 sanguine
926 2342 1161 2394 coniuncta-

127 2420 260 2447 rum:
305 2404 466 2447 Gradus
509 2403 596 2448 sunt
642 2403 902 2457 personarum
934 2400 1163 2455 generatio-

125 2477 195 2504 nes
222 2493 233 2511 ,
275 2461 417 2515 quibus
461 2473 655 2516 tanquam
700 2458 856 2514 punctis
906 2457 1014 2500 linea
1046 2473 1158 2501 corn-

126 2518 329 2573 ponitur:
380 2517 651 2572 dicunturque
696 2517 842 2572 gradus
873 2547 885 2568 ‚
928 2515 1022 2570 quia
1067 2514 1160 2557 illo-

127 2590 218 2618 rum
260 2575 464 2617 ordinatio
499 2575 663 2625 *surium
701 2589 713 2626 3
767 2573 810 2617 ὃς
851 2571 1034 2614 deorsum
1079 2572 1158 2615 sca-

124 2632 208 2674 lam
257 2631 559 2686 quodammodo
613 2630 810 2686 praesefert
848 2661 857 2670 .
911 2629 1035 2672 Linea
1086 2629 1159 2671 du-

124 2689 215 2744 plex
260 2689 311 2730 est
355 2688 480 2731 Kena
506 2719 518 2740 ‚
569 2688 612 2730 δι
643 2686 887 2729 Transversa
911 2708 921 2727 .-
958 2685 1081 2727 Ree‘ta
1112 2685 1157 2728 fi·

122 2745 279 2789 militer
319 2745 371 2786 est
414 2745 562 2798 duplex
592 2775 603 2797 ‚
637 2758 783 2795 nempe
815 2741 1120 2784 ascendentium
1146 2774 1157 2790 ‚

122 2804 200 2846 sive
242 2802 530 2857 generantium
556 2833 569 2853 ,
604 2800 647 2842 δε
678 2799 1006 2844 descendentium
1036 2829 1048 2850 ‚
1083 2798 1157 2840 sive

117 2874 261 2905 eorum
286 2890 298 2912 ‚
342 2860 412 2913 qui
457 2858 533 2900 fint
567 2855 767 2912 progeniti
801 2888 808 2897 .
842 2854 1074 2897 Tranversa
1106 2855 1158 2897 est

117 2927 258 2962 eur-um
285 2947 296 2967 ,
337 2915 403 2969 qui
452 2915 502 2957 ab
533 2915 673 2957 eodem
707 2913 836 2968 stipite
867 2911 1028 2955 diversis
1059 2911 1157 2954 late·

114 2975 221 3018 ribus
254 2973 429 3025 pendent
459 2973 500 3016 ἃ
532 2970 810 3021 efflorescunt3
844 2969 947 3012 unde
979 2968 1022 3012 δε
1053 2968 1154 3011 Col-

117 3029 293 3075 iateralis
327 3041 655 3083 nuncupatumr,
689 3028 731 3069 in
763 3043 840 3083 qua
875 3027 961 3070 sunt
983 3025 1154 3078 fratres,

1087 3083 1155 3127 Est

113 3094 288 3135 fratrum
334 3087 404 3129 filii
431 3118 443 3140 ‚
486 3087 528 3130 ἃ
573 3085 639 3142 qui
686 3084 776 3127 sunt
807 3082 1034 3139 deinceps.

1231 1207 1337 1249 filius
1381 1208 1587 1259 coni-unffi
1613 1241 1624 1261 ‚
1667 1209 1841 1252 existunt
1874 1210 1915 1251 in
1950 1210 2083 1264 primo
2115 1210 2267 1265 gradu:

1226 1264 1269 1306 ὃς
1299 1264 1393 1318 quia
1424 1281 1547 1318 avus,
1579 1267 1712 1319 filius,
1745 1266 1788 1308 δι
1820 1281 1942 1321 nepos
1976 1279 2055 1309 tres
2071 1266 2158 1309 sunt
2181 1283 2272 1321 per-

1229 1320 1362 1373 sonae‚
1408 1338 1456 1366 ex
1490 1323 1633 1379 quibus
1668 1354 1680 1374 ,
1728 1338 1808 1366 una
1841 1324 1977 1365 demta
2004 1354 2017 1375 ‚
2066 1323 2277 1377 supersunt

1223 1378 1345 1430 duae3
1389 1378 1477 1422 ideo
1519 1396 1617 1424 avus
1658 1380 1701 1423 &
1743 1395 1868 1435 nepos
1902 1380 1991 1422 sunt
2023 1381 2066 1422 in
2103 1380 2276 1424 secundo

1221 1435 1373 1489 gradu,
1404 1436 1448 1479 δι
1481 1436 1532 1481 fic
1563 1437 1750 1492 deinceps
1773 1468 1782 1480 .
2284 1442 2285 1445 ’

1283 1493 1331 1534 In
1377 1492 1486 1536 linea
1518 1509 1615 1537 vero
1649 1494 1854 1537 tranversa
1887 1493 2007 1548 longe
2039 1492 2161 1536 aliter
2191 1509 2270 1537 nu-

1223 1561 1353 1611 merat
1397 1550 1466 1599 Jus
1511 1551 1651 1594 Civile
1683 1568 1705 1593 a
1736 1552 1830 1602 Jure
1861 1552 2120 1593 Canonum:
2155 1551 2272 1594 Nam

1220 1605 1360 1649 Civile
1405 1622 1490 1649 non
1534 1608 1720 1663 agnoscit
1774 1608 1956 1662 primum
2008 1607 2178 1662 gradum
2222 1607 2270 1650 in

1220 1663 1585 1716 transversalibus‚
1628 1681 1722 1708 cum
1779 1677 1841 1707 tot
1885 1663 2029 1720 gradus
2075 1663 2228 1706 excitet
2259 1694 2275 1716 ,

1218 1733 1317 1773 quot
1378 1720 1467 1764 sunt
1517 1722 1803 1777 generationes
1830 1737 1860 1763 ε,
1894 1721 2014 1762 Unde
2062 1719 2185 1762 frater
2228 1719 2275 1762 δε

1223 1781 1358 1829 lotor,
1391 1779 1483 1833 quia
1518 1780 1608 1821 sunt
1639 1781 1716 1820 dun
1749 1778 2063 1833 generationes,
2097 1776 2205 1820 inter
2235 1776 2274 1819 se

1223 1834 1390 1876 secundo
1420 1835 1548 1890 gradu
1576 1834 1883 1888 conjunguntur
1909 1865 1917 1875 .
1970 1835 2028 1875 At
2059 1833 2153 1884 Jure
2186 1834 2274 1875 Ca-

1219 1890 1370 1932 nonico
1417 1891 1560 1947 gradus
1595 1892 1650 1933 ita
1683 1891 1724 1933 in
1759 1892 1866 1934 linea
1901 1890 2120 1933 transversa
2152 1905 2272 1932 com-

1218 1958 1447 2002 putantur:
1496 1950 1635 2003 Quoto
1678 1948 1800 2003 gradu
1847 1947 2023 2001 personae
2068 1946 2214 1988 distant
2245 1961 2270 1989 a

1217 2004 1431 2047 communi
1477 2005 1608 2059 stipite
1631 2037 1646 2057 ,
1693 2004 1835 2048 eodem
1867 2003 2015 2045 distant
2050 2002 2156 2046 inter
2188 2002 2223 2045 se
2259 2035 2270 2045 .

1217 2061 1431 2114 Quoniam
1469 2062 1596 2118 igitur
1625 2063 1704 2104 duo
1736 2060 1812 2103 filii
1845 2075 1928 2104 uno
1960 2059 2087 2116 gradu
2116 2059 2270 2103 distant

1215 2133 1238 2158 a
1280 2120 1495 2162 communi
1529 2132 1640 2172 patre
1670 2134 1682 2169 ς
1725 2133 1808 2162 uno
1840 2117 1966 2173 gradu
1999 2120 2106 2160 inter
2141 2116 2176 2159 se
2207 2116 2273 2159 di-

1215 2173 1372 2216 stabunt
1400 2193 1407 2215 :
1457 2177 1500 2218 &
1531 2175 1624 2230 quia
1647 2182 1823 2229 ‘nepotes
1857 2206 1871 2227 ‚
1903 2173 1982 2216 five
2013 2188 2158 2216 eorum
2189 2173 2267 2217 filii

1213 2231 1263 2272 ab
1292 2248 1370 2274 avo
1405 2232 1558 2285 duplici
1583 2232 1708 2287 gradu
1734 2231 1879 2274 distant
1905 2245 1916 2283 ς
1948 2229 2104 2285 duplici
2137 2230 2268 2273 etiam

1213 2288 1337 2340 gradu
1392 2289 1592 2344 distabunt
1636 2290 1742 2332 inter
1782 2288 1819 2342 se
1856 2304 1866 2329 :
1915 2286 2012 2330 hinc
2063 2285 2265 2340 patrueles

1212 2345 1307 2395 Jure
1340 2346 1471 2389 Civili
1507 2346 1595 2390 sunt
1628 2346 1671 2388 in
1701 2352 1850 2402 quarto'
1877 2344 2003 2399 gradu
2026 2373 2038 2397 ‚
2070 2343 2165 2395 Jure
2195 2357 2270 2386 ve-

1212 2416 1257 2444 ro
1290 2403 1516 2446 Canonum
1550 2404 1592 2446 in
1627 2403 1798 2447 secundo
1819 2434 1829 2444 .

1270 2461 1321 2501 In
1365 2460 1474 2504 linea
1517 2477 1613 2505 vero
1659 2457 1881 2503 transversa
1923 2456 2117 2513 inaequali
2156 2456 2265 2501 hanc

1211 2517 1334 2560 tradit
1388 2518 1574 2574 regulam
1634 2518 1703 2568 Jus
1758 2513 2022 2559 Canonicum
2054 2531 2063 2555 τ
2123 2514 2287 2568 Quoto‘

1209 2575 1336 2629 gradu
1379 2574 1578 2624 remotior
1623 2574 1738 2616 distat
1778 2589 1802 2616 a
1844 2572 2059 2615 communi
2093 2571 2260 2627 stipite.

1208 2630 1350 2674 eodem
1405 2632 1549 2674 distant
1592 2632 1699 2674 inter
1731 2629 1799 2672 se.
1849 2631 1993 2685 Itaque
2051 2627 2156 2671 filius
2204 2628 2266 2671 di-

1210 2688 1280 2739 stat
1310 2704 1334 2731 a
1367 2701 1509 2742 patruo
1534 2720 1548 2740 ‚
1581 2702 1728 2741 nempe
1752 2703 1782 2728 ·a
1815 2686 1946 2740 patris·
1968 2685 2090 2728 fratre
2125 2686 2171 2727 in
2205 2685 2260 2727 se-

1208 2744 1341 2786 cundo
1380 2745 1543 2800 gradug
1584 2744 1677 2799 quia
1718 2744 1874 2786 duobus
1918 2742 2033 2786 distat
2066 2742 2279 2798 gradibus

1206 2800 1256 2842 ab
1284 2816 1362 2842 avo
1388 2833 1401 2854 ‚
1433 2802 1634 2846 nimirum
1669 2814 1780 2855 patre
1815 2801 1945 2856 patrui
1981 2800 2034 2843 sui
2073 2816 2084 2852 3
2115 2813 2263 2854 qunme

1208 2856 1266 2898 vis
1310 2869 1472 2913 patruus
1521 2876 1543 2902 a
1583 2858 1798 2902 communi
1832 2858 1963 2912 stipite
1997 2888 2009 2909 ,
2061 2860 2209 2911 nempe
2237 2871 2263 2898 a

1207 2926 1317 2968 patre
1349 2916 1417 2959 suo
1449 2917 1571 2959 unico
1604 2916 1716 2959 distet
1752 2916 1904 2971 gradu.
2192 2913 2194 2917 ’

1262 2973 1454 3016 Affinitas
1498 2974 1550 3017 est
1599 2971 1852 3023 Coniunetio
1901 2969 2150 3014 diversarum
2181 2985 2252 3013 co-

1204 3029 1449 3083 gnationum
1482 3062 1493 3083 ‚
1535 3047 1621 3087 quse
1678 3046 1726 3072 ex
1786 3028 1930 3083 copula
1979 3028 2106 3070 oritur
2139 3059 2150 3077 ‚
2208 3042 2260 3068 ex

1204 3100 1282 3141 qua
1338 3089 1627 3144 consanguinei
1683 3087 1819 3131 uxoris
1871 3084 2049 3130 evadunt
2112 3084 2250 3146 affines

2137 3156 2198 3182 vx-
