2451 3470
107 142 442 260 JANI
567 150 1396 269 VINCENTH
1503 127 2264 292 GRAVINAE

479 312 602 435 O
679 313 776 435 P
853 316 984 440 U
1039 321 1134 443 S
1208 323 1325 448 C
1402 328 1533 452 U
1608 332 1709 451 L
1785 334 1916 457 A

665 1289 1641 1354 CARDINALEM.

370 1405 375 1406 ⁷
586 1389 686 1445 AEpe
719 1394 901 1452 contigit
942 1428 954 1450 ‚
1007 1399 1136 1442 CAS-
1189 1418 1235 1445 ac
1270 1403 1436 1452 solidam
1470 1441 1486 1463 ‚
1535 1427 1621 1455 non
1651 1411 1835 1460 fucatam
1865 1429 1937 1463 aut
1967 1420 2233 1471 ambitiosam

501 1447 543 1450 NJ
606 1449 718 1493 PAR
771 1454 1006 1511 Cardinalis
1050 1473 1134 1501 am·
1188 1461 1462 1509 eruditionem
1501 1499 1512 1521 ‚
1559 1470 1717 1515 summa
1759 1489 1856 1518 cum
1889 1475 2004 1523 laude
2038 1481 2224 1526 nominis

604 1505 774 1560 pliffime
795 1543 808 1565 ,
838 1527 917 1564 ut,
948 1529 1044 1557 cum
1067 1516 1134 1567 Ju-
1189 1519 1246 1561 tui
1280 1551 1292 1572 ‚
1341 1538 1388 1565 ac
1429 1525 1621 1572 omnium
1653 1527 1737 1574 fere
1768 1533 2014 1580 mortalium
2049 1538 2229 1585 utilitate

528 1578 539 1614 ᾗ
601 1565 826 1613 rifconsulti
888 1571 931 1614 &
986 1573 1132 1616 eruditi
1186 1577 1412 1622 contuleris
1438 1613 1448 1624 .

388 1627 456 1666 ς
501 1618 556 1681 ’ξιξΙ
598 1626 895 1672 contenderent
925 1628 1036 1671 inter
1069 1631 1131 1683 se,
1242 1634 1413 1680 Etenim
1464 1655 1517 1684 ne
1545 1641 1694 1699 aliquis
1726 1643 1896 1693 illorum
1927 1650 2022 1696 esses
2052 1684 2064 1707 ‚
2107 1654 2177 1711 qui
2213 1687 2227 1711 ‚

592 1697 638 1725 ac
661 1683 768 1726 suam
790 1686 962 1729 vicissim
984 1686 1131 1731 dofiri-
1183 1706 1308 1746 quum
1342 1694 1585 1751 interpretes
1616 1702 1769 1757 populo
1800 1705 1883 1750 dati
1915 1707 2008 1752 sunt
2037 1742 2050 1764 ‚
2097 1711 2226 1757 inter-

343 1745 346 1749 *
391 1752 399 1790 χ
471 1770 538 1793 ἒξ
593 1738 689 1784 nam
709 1742 842 1785 verbis
866 1742 1128 1800 extollerent,
1182 1752 1439 1802 pretemlibi
1471 1755 1600 1800 alium
1634 1773 1655 1800 e
1689 1760 1840 1816 populo
1870 1779 2047 1821 quaerere
2067 1784 2224 1825 cogun-

481 1796 539 1800 ’
590 1804 862 1844 extenuarent
901 1801 1079 1846 alienam
1116 1837 1126 1857 ‚
1180 1818 1270 1860 ταῖς
1303 1808 1423 1865 usque
1455 1813 1506 1855 ab
1537 1814 1810 1862 adolescentia
1839 1820 2043 1867 sacrorum
2063 1840 2220 1882 curam,

569 1856 649 1910 ipse
691 1871 714 1898 a
760 1859 914 1903 neutris
943 1859 1123 1915 gratiam
1174 1863 1217 1906 ὃς
1251 1865 1501 1918 privatarum
1535 1872 1873 1932 publicarumque
1905 1881 2113 1926 causarum
2148 1900 2215 1928 co-

3 1900 16 1912 ''
63 1918 215 1964 inirem
245 1936 254 1945 .
293 1932 507 1975 propterea
539 1913 646 1973 quod
679 1915 783 1968 apud
816 1932 910 1971 eos,
943 1933 1121 1973 quorum
1172 1922 1405 1976 gnitionem
1451 1943 1524 1982 pro
1555 1929 1782 1976 deferendis
1813 1939 2054 1982 muneribus
2087 1940 2210 1986 susce·

70 1992 164 2032 pars
206 1953 588 2033 a’jurisprudentia
627 1971 900 2018 eruditionem
937 1990 1114 2020 remove·
1172 1992 1344 2034 ptum-3,
1380 1999 1463 2027 non
1501 1987 1626 2031 modo
1657 1989 1760 2044 JuS,
1793 1991 1836 2034 in
1868 2009 1949 2049 quo
1985 1997 2205 2043 versamur.

66 2045 162 2077 rant
191 2050 364 2078 omnem
386 2066 399 2088 ,
433 2050 522 2087 pars
554 2045 768 2086 nunquam
800 2032 1024 2076 eruditioni
1058 2033 1114 2085 ju·
1166 2040 1529 2097 cognoscendum3
1564 2044 1627 2088 sed
1661 2059 1840 2092 veterem
1872 2067 2044 2098 omnem
2067 2055 2215 2100 Eccle-

66 2090 384 2146 rjsprudentiam
417 2091 689 2144 adjunxerant
713 2120 724 2140 ‚
758 2104 948 2145 negarem
970 2106 1015 2133 ea
1040 2092 1114 2136 stu·
1168 2095 1229 2137 fiae
1272 2097 1418 2141 statum
1465 2103 1784 2155 percurrendum
1817 2106 1890 2151 tibi
1923 2112 2068 2165 putasti
2105 2143 2118 2165 ‚
2166 2114 2211 2158 8<

63 2148 129 2192 dia
161 2148 418 2192 distrahenda
451 2180 464 2202 ,
511 2148 571 2192 sed
602 2146 651 2190 ad
685 2146 886 2190 summam
919 2148 1113 2193 eruditio·
1164 2150 1430 2210 antiquorum
1463 2171 1625 2212 patrum
1660 2160 1899 2216 sapientiam
1934 2168 1990 2211 tui
2026 2171 2210 2215 muneris

70 2220 171 2250 nem
205 2205 354 2250 veteris
389 2206 495 2254 luris
526 2203 722 2248 notitiam
746 2235 758 2257 ‚
790 2204 833 2247 ἃ
865 2205 913 2248 ad
946 2207 1110 2262 plenam
1164 2209 1313 2255 sociam
1355 2224 1478 2270 atque
1521 2217 1772 2272 consortem(
1796 2221 2011 2278 dignitatis
2039 2227 2210 2272 adscivi-

63 2276 186 2320 atque
229 2250 436 2307 maturam
468 2262 823 2317 jurisprudentiam
856 2264 1110 2309 reconditam
1161 2267 1204 2311 sti
1235 2285 1248 2322 3
1280 2281 1325 2314 ut
1354 2286 1377 2314 e
1409 2271 1527 2319 stirne
1564 2275 1628 2318 sua
1659 2289 1857 2332 repeteres
1888 2296 1980 2326 eam
2013 2284 2208 2329 confilio-

62 2320 106 2364 &
139 2321 383 2377 exquisitam
414 2321 690 2364 eruditionem
726 2319 928 2373 pertinere
954 2352 967 2374 ,
1012 2338 1105 2365 con—
1162 2342 1252 2370 rum
1286 2327 1448 2383 copiam
1482 2330 1524 2373 ὃς
1556 2334 1841 2380 maturitatem
1864 2370 1875 2391 ‚
1907 2355 1987 2396 qua
2012 2341 2080 2386 diu
2103 2358 2205 2399 gen-

61 2378 274 2422 firmarem
315 2410 323 2421 ,
377 2380 515 2432 Quam
559 2393 634 2434 ego
680 2377 922 2421 sententiam
967 2379 1109 2423 nostris
1157 2383 1266 2427 tibus
1299 2386 1530 2442 prospexisti
1554 2421 1565 2442 ‚
1598 2406 1756 2448 quaque
1781 2395 1860 2438 tuis
1881 2396 2091 2443 sententiis
2109 2415 2203 2445 eam

59 2435 225 2490 quidem
260 2436 511 2491 temporibus
542 2468 556 2487 ‚
606 2435 650 2478 in
694 2434 838 2491 quibus
871 2434 949 2479 faex
981 2436 1106 2480 inter·
1155 2442 1440 2488 auffiotitatem
1472 2447 1694 2491 conciliasti
1715 2481 1728 2503 ,
1762 2464 1805 2494 ut
1838 2468 1922 2496 non
1956 2457 2080 2501 modo
2112 2458 2198 2502 haec

58 2505 220 2546 pretum
261 2493 467 2549 sordesque
501 2492 676 2536 forenses
709 2508 793 2536 non
829 2493 952 2535 modo
984 2494 1102 2538 inna-
1153 2512 1250 2542 aetas
1293 2502 1394 2556 aequi
1438 2502 1481 2545 δε
1513 2503 1646 2560 iniqui
1679 2506 1898 2559 discrimen
1931 2529 1953 2555 a
1987 2526 2056 2558 tuo
2086 2513 2198 2580 juds-

53 2560 140 2593 tam
166 2551 261 2601 Juri
293 2551 411 2595 civili
445 2551 717 2594 eruditionem
746 2582 757 2603 ‚
803 2549 863 2593 sed
895 2551 966 2603 Jus
999 2551 1098 2595 civi·
1154 2556 1219 2599 cio
1251 2558 1420 2602 deducat
1455 2575 1467 2613 3
1510 2560 1571 2605 sed
1604 2563 1647 2605 δε
1678 2567 1901 2619 gravissimi
1934 2569 1999 2613 illi
2031 2572 2194 2629 antiqui

53 2606 92 2651 le
137 2606 269 2662 ipsum
308 2609 360 2651 ab
404 2608 557 2659 injustis
603 2607 877 2664 possessoribus
919 2608 1001 2659 jam
1034 2609 1101 2654 diu
1155 2615 1281 2657 moris
1313 2615 1461 2667 judices
1493 2619 1732 2668 Coruncani
1760 2655 1772 2677 ‚
1803 2624 1846 2668 &
1879 2627 2004 2671 Cassii
2031 2628 2104 2685 »fi
2136 2641 2197 2674 te-

51 2677 300 2720 occupatum
343 2666 566 2710 obruerunt
608 2699 620 2719 ‚
673 2665 765 2708 satis
809 2666 1052 2710 invidiosam
1089 2701 1098 2718 ‚
1151 2688 1247 2716 cum
1279 2672 1387 2716 irent
1420 2675 1463 2717 in
1496 2677 1714 2722 consilium
1750 2712 1764 2733 ‚
1813 2682 1889 2726 tibi
1932 2684 2196 2731 deliberatio-

56 2721 131 2766 tibi
165 2735 305 2766 tamen
337 2738 417 2778 prae
448 2724 601 2768 caeteris
634 2725 849 2779 probatum
885 2724 934 2767 iri
968 2726 1079 2782 confi
1152 2745 1246 2773 nem
1294 2731 1404 2775 suam
1448 2737 1760 2792 committerent
1784 2770 1796 2792 ,
1845 2740 1919 2784 tibi
1963 2741 2023 2794 jus
2064 2761 2191 2788 omne

53 2780 104 2822 do
131 2795 143 2832 3
175 2794 316 2834 utpote
348 2795 444 2823 cum
473 2782 523 2823 ad
543 2782 781 2826 diuturnum
807 2813 820 2834 ,
850 2798 899 2826 ac
925 2798 974 2826 ne
998 2798 1097 2838 pun·
1150 2788 1353 2832 traderent
1387 2791 1539 2834 mentis
1572 2793 1646 2836 suae
1670 2827 1682 2847 ‚
1727 2795 1966 2862 plusque-in
1999 2801 2189 2855 responsis

51 2836 164 2880 stum
198 2839 362 2893 quidem
397 2851 593 2891 temporis
625 2840 667 2882 in
700 2840 785 2883 vita
805 2841 1098 2895 intermissum,
1150 2846 1227 2889 tuis
1247 2879 1258 2900 ,
1291 2862 1414 2903 quam
1440 2848 1482 2891 in
1509 2851 1670 2905 propria
1689 2853 1937 2899 conscientia
1959 2871 2187 2912 ponerent.

51 2894 186 2938 civilis
218 2896 261 2939 ἃ
295 2895 503 2939 pontificii
530 2895 625 2947 juris
648 2897 847 2951 studium,
879 2899 1095 2942 affiduum-
1147 2904 1241 2955 Jure
1287 2905 1412 2959 igitur
1452 2907 1546 2950 urbs
1578 2910 1763 2953 universa
1794 2912 1841 2955 de
1873 2914 2041 2958 summis
2072 2917 2188 2980 rebus

49 2967 126 3006 que
160 2966 347 2997 veterum
368 2953 411 2996 ὃς
432 2969 635 2996 novorum
658 2953 928 3008 interpretum
950 2956 1094 3011 usum,
1146 2962 1416 3005 deliberatura
1447 2978 1635 3019 veretur,
1670 2982 1720 3010 ne
1752 2969 1848 3023 quid
1881 2970 1963 3013 fine
1995 2973 2184 3036 auspiciis

41 3009 307 3069 antiquitatis
340 3013 542 3056 Romanae
575 3010 771 3055 notitiam
796 3044 809 3066 ‚
840 3012 882 3056 8<
916 3014 1092 3058 severam
1144 3019 1405 3076 aggrediatur
1430 3052 1443 3075 ‚
1477 3022 1550 3067 nifi
1580 3036 1618 3068 te
1649 3037 1768 3070 antea
1799 3028 2050 3074 consuluerit
2077 3045 2091 3083 5
2124 3042 2182 3072 ita

2130 3098 2176 3130 Ut

1125 3154 1135 3177 Σ
