2451 3470
185 46 266 112 ‘'6‘0
795 56 861 110 V.

981 52 1831 110 GRAVINAE

185 133 243 176 ait
294 129 363 179 ille
384 161 398 186 ,
429 130 627 175 Senatum
659 133 702 175 δε
736 132 1042 188 magistratuum
1072 129 1236 173 electio<
1287 147 1377 174 rum
1397 163 1410 184 ‚
1441 146 1563 187 quam
1596 128 1870 189 conjesturam
1902 132 2138 178 aue‘coritate
2170 143 2306 178 tuetur

180 205 278 234 nem
313 187 532 244 pristinam
566 189 742 233 minime
777 188 988 241 sustulisse3
1022 187 1082 230 sed
1097 187 1234 229 omni·
1285 189 1424 231 Livii:
1462 189 1521 240 (e)
1552 188 1714 232 Faedera
1744 188 1946 244 (inquit)
1977 189 2032 234 (T
2061 193 2314 247 lege5(erant

184 248 257 291 bus
289 245 497 297 judicandi
533 247 725 302 potestate
746 247 896 289 tributa
921 244 1063 300 Populi
1084 243 1233 287 tenuis-

193 303 229 348 se
261 302 547 353 voluntatem.
585 305 726 360 Itaque
761 304 926 346 mistum
959 303 1143 358 regimen
1172 301 1232 343 in-

191 361 359 414 stituit,
411 361 519 418 quod
550 361 693 404 deinde
726 359 968 404 conversum
1000 360 1053 402 est
1083 359 1133 401 ad
1166 374 1234 413 po-

199 419 389 475 pularem
420 419 591 474 statum..
622 418 747 460 Solon
779 430 915 460 autem
950 417 1233 459 suasaDraco-

194 476 257 518 nis
275 476 433 532 legibus
457 491 538 518 non
554 489 593 517 re
610 474 735 518 solum
751 505 762 526 ‚
781 473 839 517 sed
862 473 1064 516 vocabulo
1077 486 1234 528 quoque

199 532 389 578 discrevit
418 549 429 586 3
461 531 670 588 appellatae
703 546 879 586 namque
913 531 1002 574 sunt
1034 529 1236 572 Draconis

204 589 311 646 leges
340 593 477 642 θεσμ-,ῑὶ
501 621 513 640 ,
549 589 625 630 sive
660 588 882 630 sanctiones
902 618 916 640 ,
948 587 1030 641 [a]
1067 587 1131 630 vel
1146 618 1164 640 ,.
1192 598 1235 628 ut

204 648 256 692 ab
286 646 375 691 aliis
405 645 625 700 exponitur
649 675 661 697 ‚
694 644 875 688 instituta
902 661 911 685 :
945 643 1107 687 Solonis
1140 657 1234 686 vero

206 706 337 756 νομοὶ,
384 701 461 744 sive
509 701 651 758 leges.
704 702 893 745 Eandem
938 701 1235 755 rempublicam

206 761 339 816 postea
374 758 700 801 Pisistratidarum
738 759 950 812 tyrannide
981 759 1237 808 dissolutam3

203 816 252 860 iis
282 816 479 873 expulsis,
512 816 554 858 8<
587 815 702 858 novis
733 816 877 858 additis
910 815 1091 872 legibus,
1122 830 1233 858 com-

207 874 340 930 posuit
372 872 603 915 Clisthenes
625 904 637 926 ‚
668 872 712 915 &
746 872 962 917 secundum
996 874 1106 917 hunc
1133 871 1238 928 leges

206 931 298 974 aliae
342 930 514 973 conditae
559 930 685 981 sunt,
735 930 1045 986 Aristophane,
1092 928 1238 972 Diocle

203 988 368 1044 aliisque
403 985 672 1042 rogantibus3
714 985 802 1029 aliae
833 1004 855 1029 a
890 988 1103 1031 Demetrio
1136 986 1237 1029 Pha·

204 1043 312 1088 lereo
337 1075 349 1096 ‚
382 1058 475 1086 curn
510 1059 644 1087 rerum
677 1044 875 1098 potiretur
906 1045 1106 1088 Athenis.
1153 1044 1241 1086 Pri-

202 1103 282 1145 mis
313 1112 451 1144 autem
485 1099 623 1154 legum
658 1102 895 1144 Atticarum
928 1101 1156 1145 aue‘toribus
1170 1102 1237 1144 ad-

202 1158 289 1211 jicit
321 1157 460 1201 Suidas
494 1157 731 1211 AEschylum
764 1159 807 1201 ὃς
844 1159 1093 1203 Thaletem.

262 1217 327 1258 Ex
381 1213 695 1258 Atheniensium
749 1227 885 1259 autem
946 1216 1102 1272 legibus
1155 1231 1240 1259 ma·

203 1288 333 1331 gnam
378 1285 533 1327 partem
579 1272 764 1315 manavit
806 1274 876 1324 Jus
912 1276 1198 1317 Romanorum
1227 1303 1239 1325 ‚

206 1346 252 1375 in

207 1388 300 1440 tio,
334 1385 392 1429 sed
429 1386 494 1429 suo
527 1401 692 1440 proprio
723 1403 769 1430 ac
802 1387 993 1442 peculiari
1028 1388 1111 1439 jure
1146 1387 1238 1430 urbs

205 1443 330 1488 fuerit
363 1441 426 1485 usa
461 1442 527 1485 sub
561 1443 739 1496 Regibus
759 1475 771 1497 ‚
803 1460 825 1486 a
856 1444 1000 1500 quibus
1023 1447 1068 1489 de
1088 1446 1238 1497 sacris;

205 1501 252 1545 δι.
281 1500 328 1551 de
361 1498 522 1554 publico
555 1499 795 1556 privatoque
826 1499 909 1550 iure
943 1502 1032 1545 latae
1072 1501 1160 1545 sunt
1185 1501 1241 1544 le·

207 1572 301 1614 ges,
322 1565 481 1611 ‘nempe
514 1573 536 1599 a
569 1557 750 1600 Romulo
773 1589 783 1609 ‚
821 1559 992 1613 Numa,
1022 1559 1064 1602 ὅ(
1097 1557 1241 1602 Servio

209 1613 389 1666 Tullio,
422 1629 597 1667 quorum
631 1613 786 1668 primus
819 1615 1048 1666 naturaejus
1062 1615 1241 1666 extulit,

207 1688 257 1715 ac
295 1667 547 1713 educationis
580 1670 800 1714 liberorum
825 1704 837 1725 ,
871 1671 1132 1716 matrimonii
1158 1704 1170 1725 ‚
1200 1672 1243 1715 &

209 1740 424 1785 parentum
455 1725 540 1777 jura
573 1726 794 1770 stabilivit:
829 1729 931 1772 alter
961 1729 1022 1780 jus
1053 1730 1241 1785 gentium

212 1785 398 1840 expressit
426 1815 438 1836 ,
471 1799 516 1832 ac
549 1783 594 1827 de
627 1785 861 1829 homicidiis
881 1818 893 1839 ‚
927 1787 973 1829 de
1006 1787 1120 1829 bonae
1153 1787 1242 1829 fidei

208 1841 488 1887 contrae‘iibus
517 1872 531 1893 ‚
587 1841 632 1885 de
666 1841 865 1897 sepultura
890 1875 902 1896 ,
951 1843 1055 1898 leges
1087 1843 1246 1899 aliquot

212 1897 494 1956 promulgavit
520 1928 531 1950 ‚
565 1911 709 1953 praeter
739 1900 837 1943 ritus
870 1900 912 1943 δε
944 1902 1206 1944 caeremonias
1232 1931 1245 1952 ‚

216 1957 261 2001 δί
309 1957 510 1999 sacrorum
545 1955 790 2011 religionem
812 1988 826 2009 ‚
872 1972 958 2012 quae
991 1957 1072 2000 fere
1103 1956 1246 2000 omnia

215 2015 267 2058 ab
297 2013 380 2065 ejus
404 2012 658 2056 institutione
673 2013 890 2066 profluxit:
926 2015 1145 2069 postremus
1162 2030 1240 2056 ma-

217 2070 347 2123 jorem
390 2084 562 2124 operam
605 2071 652 2112 ad
684 2070 755 2119 Jus
786 2070 908 2113 civile
940 2071 1118 2114 contulit
1150 2102 1162 2124 ‚
1206 2071 1248 2113 ἃ

221 2129 266 2172 de
298 2126 575 2171 contrac‘h‘bus
601 2142 652 2170 ac
683 2126 839 2170 deh'ffis
869 2127 1169 2184 quinquaginta
1186 2144 1248 2170 ro-

218 2184 334 2239 gavit
380 2184 515 2238 leges:
560 2181 651 2237 [b]
684 2182 783 2226 item
816 2184 858 2227 &
889 2184 935 2228 de
971 2185 1129 2229 foenore
1160 2217 1171 2238 ‚
1203 2185 1251 2227 de

219 2241 337 2284 nexis
374 2241 418 2284 ἃ
467 2240 513 2282 de
557 2254 632 2283 aere
677 2239 813 2285 alieno
844 2272 854 2283 .
902 2243 1004 2296 Quae
1033 2244 1175 2285 omnia
1208 2241 1249 2284 in

219 2313 354 2341 unum
401 2296 598 2339 volumen
647 2297 828 2342 contulit
870 2300 979 2341 Sext.
1031 2300 1251 2355 Papirius,

221 2355 326 2398 unde
359 2353 418 2404 jus
450 2353 739 2408 Papirianum,
774 2355 820 2397 de
850 2370 930 2411 quo
966 2355 1119 2410 librum
1153 2370 1252 2398 con-

220 2410 405 2466 scripsisse
438 2412 647 2454 Gravium
682 2411 877 2455 Flaccum
900 2413 1038 2456 ausim·
1056 2416 1109 2456 eii
1134 2412 1253 2455 Paul-

219 2468 280 2512 lus
323 2467 429 2519 Juris
472 2468 679 2511 consultus
711 2469 816 2520 (c).
864 2470 982 2523 Quod
1013 2470 1073 2521 jus
1103 2468 1255 2513 exaffis

217 2525 398 2581 Regibus
427 2523 609 2567 exolevit
641 2557 649 2566 .
681 2526 774 2567 Imo
808 2526 893 2580 lege
925 2528 1126 2571 Terentia
1159 2525 1254 2569 fuis-

209 2583 256 2625 *se
288 2582 533 2637 abrogatum
565 2613 575 2622 .
609 2583 903 2626 Hotomannus
935 2585 1023 2636 (d)
1055 2600 1103 2628 ex
1136 2584 1255 2627 Pom-

218 2639 347 2694 ponio
381 2637 515 2681 scribit
541 2671 551 2680 .
600 2638 796 2692 Joseplius
833 2656 926 2683 vei-o
959 2643 1141 2697 Scaliger
1186 2656 1258 2696 pu-

218 2707 316 2749 tatu,
358 2695 464 2750 leges
514 2695 661 2750 Regias
692 2696 870 2739 minime
905 2696 1014 2740 fuiffe
1051 2699 1221 2740 sublatas
1248 2729 1260 2751 ,

220 2752 283 2796 sed
319 2752 520 2804 conje&as
553 2752 598 2794 in
632 2765 710 2795 tres
743 2753 901 2809 priores
937 2756 1042 2798 XII.
1077 2755 1259 2798 Tabula-

225 2899 447 2921 *q
677 2901 704 2909 ,τε

388 2929 504 2961 ffilian.
534 2932 603 2961 Var.
630 2929 697 2969 hist.
724 2930 782 2964 lib.
809 2934 840 2965 8,
866 2940 934 2976 cap.
966 2942 1015 2965 10·

371 2973 504 3013 Dionys
538 2975 640 3006 Halic.
669 2975 726 3009 tib.
753 2986 785 3016 4.

274 2930 357 2971 (a)

272 2972 349 3016 (b)

272 3020 348 3058 (c)
374 3019 596 3057 L.144.›ieV.
618 3020 654 3049 s.

273 3067 358 3108 (d)

271 3109 349 3158 (Θ)

384 3063 513 3102 observ.
540 3062 598 3096 lib.
618 3074 643 3097 1.
663 3071 729 3107 cap·
752 3074 778 3097 ι.

372 3108 430 3144 lib.
460 3110 495 3138 6.

295 1345 375 1385 quo
411 1329 616 1372 versamur
649 1345 660 1392 ᾗ
691 1331 880 1385 quamvis
912 1346 994 1374 non
1029 1329 1254 1374 translati-‘⁷‘

1043 2902 1264 2915 *a*
1316 2900 1542 2914 -——·——-—-

1281 262 1375 288 aereae
1405 247 1508 289 XII.
1541 245 1689 287 Tabul.
1721 243 1776 286 (9⁴
1807 247 1982 299 quaedam
2024 250 2130 304 regiae
2170 248 2312 302 leges)

1284 305 1485 357 conquiri,
1517 319 1598 357 qux
1632 311 1919 357 comparerent,
1950 303 2161 360 iusserunt.
2195 305 2312 348 Hinc

1283 361 1423 402 Caroli
1458 359 1618 415 Sigonii
1665 357 1859 408 judicium
1909 363 2033 414 probo
2061 394 2073 416 ‚
2115 362 2182 419 qui
2209 392 2218 409 ³
2263 363 2308 405 L.

1282 418 1406 460 Bruto
1440 417 1559 459 Trib.
1595 416 1793 458 Celerum
1830 416 1983 461 ferente
2010 449 2023 471 ,
2068 420 2202 463 censet
2249 433 2315 462 eas

1284 486 1445 516 tantum
1499 472 1669 515 sublatas
1699 505 1710 524 ‚
1743 488 1830 528 quae
1862 474 1909 515 ad
1941 476 2094 530 regiam
2125 477 2316 521 domina-

1283 531 1442 574 tionem
1477 530 1753 572 stabiliendam
1786 531 2047 584 pertinebant
2074 564 2083 575 .

1340 589 1396 630 Et
1427 586 1653 629 Marcellus
1683 583 1752 639 (f)
1783 587 1853 629 lib.
1889 592 1954 630 28.
1985 588 2138 645 Digest.
2167 589 2342 646 tradit„

1283 659 1332 687 ex
1369 644 1455 699 lege
1490 644 1598 698 regia
1631 643 1889 697 descendere,
1923 657 1965 687 ut
1999 661 2082 689 non
2114 660 2208 691 ante
2241 648 2317 690 hu-

1286 714 1417 747 metur
1451 701 1831 755 mulier‚praegnans
1849 732 1860 754 ‚
1893 718 2014 757 quam
2030 717 2164 759 partus
2178 704 2322 749 excin-

1285 759 1427 801 datur.
1463 761 1619 800 Verum
1654 757 1852 801 crescente
1887 759 1926 800 in
1960 760 2044 803 dies
2067 776 2238 806 numero
2259 761 2320 805 ci-

1288 815 1428 868 vium,
1460 815 1693 857 exundante
1729 816 1993 871 negotiorum
2025 817 2170 873 copia,
2201 817 2318 871 &bvi

1286 885 1405 928 atque
1437 871 1584 923 injuria
1605 887 1675 925 pro
1695 886 1837 914 natura
1858 873 2135 918 multitudinis
2149 876 2318 918 aestuan-

1288 943 1327 972 te
1341 961 1352 981 ,
1375 930 1650 983 prudentiores
1665 943 1770 971 nova
1784 931 2019 973 morborum
2037 931 2187 976 semina
2203 932 2322 976 novis

1287 986 1553 1041 opprimenda
1587 985 1767 1028 consiliis
1799 987 2039 1030 censuerunt
2066 1019 2076 1030 .
2124 990 2318 1045 Cumque

1292 1043 1381 1086 solis
1415 1043 1594 1085 moribus
1626 1042 1668 1084 ἃ
1702 1045 1953 1097 repentinis,
1986 1057 2029 1086 ut
2063 1046 2117 1087 ita
2146 1045 2279 1088 dicam
2306 1075 2320 1098 ‚

1290 1101 1442 1157 legibus
1478 1099 1655 1154 Populus
1686 1112 1914 1154 regeretur,
1946 1101 2027 1144 fixo
2059 1101 2101 1144 &
2129 1114 2322 1157 perpetuo

1294 1158 1378 1209 jure
1410 1156 1738 1211 componendam
1770 1173 1815 1200 ac
1849 1157 1890 1200 in
1924 1159 2123 1212 posterum
2152 1158 2321 1201 firman-

1292 1218 1383 1258 dam
1418 1215 1713 1268 rempublicam
1746 1214 2029 1257 existimarunt
2056 1247 2066 1257 .
2099 1216 2211 1258 Cum
2245 1214 2325 1270 igi-

1292 1287 1356 1316 tur
1399 1273 1451 1314 C.
1497 1271 1720 1314 Terentius
1766 1271 1867 1313 Arsa
1910 1273 2028 1313 'si-ib.
2073 1271 2199 1326 plebis
2228 1304 2240 1325 ,
2274 1284 2319 1315 ut

1291 1329 1521 1372 Consulum
1571 1328 1612 1370 in
1657 1328 1816 1384 plebem
1863 1329 2176 1371 immoderatam
2209 1331 2328 1384 'pote-

1291 1387 1432 1429 statem
1471 1385 1768 1438 imminueret,
1802 1385 1934 1438 legem
1980 1385 2250 1441 promulgarit
2276 1385 2326 1437 de

1290 1444 1469 1500 quinque
1503 1442 1628 1496 viris,
1661 1442 1729 1497 qui
1765 1442 1870 1497 leges
1903 1441 2104 1485 consulari
2142 1442 2325 1496 Imperio

1291 1500 1582 1557 perscriberent
1608 1530 1622 1552 ‚
1652 1499 1834 1541 creandis
1859 1531 1872 1552 ,
1920 1513 2051 1554 eaque,
2087 1498 2327 1542 deliberatio

1294 1558 1414 1600 variis
1445 1556 1780 1599 contentionibus
1815 1572 1882 1609 per
1914 1556 2157 1599 decennium
2190 1569 2327 1599 extra-

1291 1615 1354 1658 &a
1388 1613 1536 1666 fuerit,
1569 1613 1611 1656 &
1646 1612 1727 1666 post
1761 1614 2023 1667 impetratam
2057 1613 2323 1668 duplicando-

1296 1687 1385 1714 rum
1435 1671 1719 1712 Tribunorum
1769 1670 1895 1724 plebis
1928 1671 2166 1725 potestatem
2203 1672 2329 1714 inter-

1295 1727 1436 1782 missa,
1468 1727 1619 1771 revixit
1652 1727 1817 1770 tandem
1853 1727 2037 1770 Romilio
2069 1726 2326 1782 Veturioque

1293 1786 1408 1829 Coss.
1439 1786 1480 1827 in
1515 1786 1672 1841 plebem
1710 1787 1942 1826 Romanam
1970 1816 1981 1836 ‚
2014 1800 2101 1839 quae
2127 1783 2331 1827 *militiam

1294 1841 1537 1887 detree’cabat
1553 1874 1565 1895 ,
1580 1842 1850 1894 impotentius
1866 1841 2174 1884 dominantibus
2193 1874 2200 1883 .
2217 1844 2330 1885 Hine

1295 1916 1405 1943 anno
1437 1900 1485 1942 ab
1518 1899 1641 1940 Uc.
1665 1899 1800 1941 CCC.
1833 1899 1976 1953 Spurio
2008 1898 2189 1952 Tarpeio
2221 1899 2332 1941 &A

1297 1957 1517 2001 'ferminio
1549 1954 1657 1998 Coss.
1691 1971 1750 1999 res
1780 1956 1828 1998 ad
1860 1957 2055 1998 Senatum
2086 1956 2216 1999 delata
2247 1956 2299 1998 est
2322 1987 2334 2008 ‚

1296 2016 1338 2058 &
1370 2031 1417 2058 ex
1455 2014 1649 2056 sententia
1683 2014 1725 2056 P.
1763 2014 1934 2055 Romilii
1970 2011 2120 2055 facium
2144 2012 2330 2054 Senatus-

1298 2071 1529 2115 consultum
1568 2102 1580 2122 ‚
1624 2071 1639 2123 [
1672 2070 1776 2126 quod
1828 2071 1970 2112 deinde
2003 2069 2080 2112 suit
2116 2069 2333 2113 Plebiscito

1299 2129 1619 2178 confirmatum,
1652 2128 1669 2180 ]
1718 2140 1760 2169 ut
1794 2129 1919 2170 tribus
1961 2127 2195 2170 triremibus
2224 2159 2235 2179 ,
2264 2142 2337 2182 pro

1300 2186 1503 2236 majestate
1565 2183 1734 2240 Imperii
1787 2185 1968 2228 Romani
2014 2184 2229 2239 magnifice
2274 2185 2339 2226 in·

1302 2243 1455 2286 struffis
1481 2273 1494 2294 ,
1539 2241 1660 2298 legati
1709 2256 1777 2295 per
1819 2242 1987 2285 Italiam
2032 2242 2074 2286 &
2106 2240 2336 2284 universam

1302 2300 1508 2343 Graeciam
1543 2299 1717 2353 petitum
1754 2299 1859 2355 leges
1891 2301 2153 2353 mitterentur
2180 2315 2189 2339 :
2222 2314 2342 2341 crea·

1304 2358 1414 2413 tique
1460 2356 1547 2399 sunt
1580 2358 1646 2411 Sp.
1693 2356 1946 2400 posthumius
1972 2388 1983 2409 ‚
2027 2357 2169 2398 Sextus
2201 2355 2341 2409 Sulpi-

1303 2416 1387 2458 cius
1416 2445 1429 2469 ,
1482 2418 1536 2456 A.
1570 2413 1796 2467 Manlius,
1845 2414 1915 2469 qui
1965 2412 2148 2456 utiliores
2196 2412 2344 2455 civita-

1304 2485 1392 2515 tum
1445 2469 1696 2526 singularum
1725 2503 1737 2523 ,
1783 2486 1829 2513 ac
1862 2469 2181 2513 Atheniensium
2216 2468 2340 2524 potis-

1306 2528 1451 2572 fimum
1489 2560 1501 2580 ‚
1548 2529 1654 2583 leges
1696 2526 2027 2580 descripserunt:
2079 2527 2189 2582 (g)
2233 2541 2341 2568 non·

1306 2585 1438 2629 nullas
1483 2602 1505 2627 a
1551 2583 1869 2628 Lacedaemoniis
1912 2582 2025 2625 fuisse
2060 2583 2207 2624 sumtas
2230 2614 2250 2637 Ι,
2285 2586 2344 2625 A-

1307 2645 1488 2686 thenaeus
1530 2641 1618 2693 [h]
1660 2641 1702 2683 8<
1738 2639 1988 2682 Ammianus
2021 2639 2095 2693 [i]
2128 2638 2339 2683 Marcelli-

1311 2715 1386 2743 nus
1424 2697 1468 2739 &
1501 2697 1784 2740 Tribonianus
1814 2697 1902 2750 [Q]
1934 2697 2186 2739 tradiderunt
2207 2725 2223 2737 .
2256 2697 2342 2750 Igi-

1310 2772 1378 2802 tur
1423 2753 1529 2810 leges
1570 2754 1614 2797 in
1660 2760 1803 2798 urbem
1845 2754 1995 2798 delatas
2062 2753 2345 2850 Decemvirigl

1395 2836 1404 2845 ·
2296 2824 2318 2851 a

1655 2897 2346 2912 ——nu—-ssu———u—-n—-t

1364 2932 1445 2975 (f)
1476 2932 1548 2972 Leg.
1577 2942 1606 2963 2.
1630 2930 1668 2975 ff.
1694 2933 1733 2965 de
1757 2942 1850 2964 more.
1876 2933 1974 2974 infer.

1364 2977 1452 3017 (g)
1478 2976 1592 3009 Cicero
1617 2975 1675 3008 Iob.
1705 2988 1733 3008 2.
1763 2978 1799 3010 de
1825 2976 1973 3019 legibus·

1366 3022 1449 3061 (h)
1483 3020 1538 3053 ub.
1565 3024 1595 3052 6.
1623 3024 1657 3053 in
1676 3021 1773 3063 fine.

1368 3066 1446 3106 (i)
1469 3064 1527 3097 lib.
1561 3067 1607 3097 16.

1370 3111 1426 3153 (k
1448 3109 1465 3150 )
1490 3109 1604 3152 lastis.
1630 3111 1667 3144 de
1689 3111 1759 3152 jure
1779 3120 1895 3145 natur.
1917 3118 2009 3154 gent.
2036 3109 2074 3144 (9¹
2095 3109 2162 3144 civ.
2189 3109 2218 3150 §⁴
2245 3109 2313 3144 ΗΒ·
