2451 3470
183 174 286 209 112
785 146 852 200 V.

180 247 256 287 que
291 230 399 271 inter
429 222 719 281 explicandum
754 219 966 264 fleetendae
992 219 1083 279 sunt
1111 234 1225 260 men-

181 303 240 331 tes
288 299 506 340 puerorum
551 283 599 324 ad
645 278 970 339 observationem
1016 278 1226 338 syntaxeos

179 344 452 396 cujuscunque
498 338 608 382 verbi
638 369 650 390 ‚
693 336 737 379 <Sc
788 348 1046 390 agnitionem
1080 348 1220 395 praece-

180 416 348 459 ptorum
379 431 392 452 ‚
421 413 510 453 quae
544 395 754 439 commisla
787 407 881 434 curn
905 388 1114 453 'exemplis
1137 421 1150 442 ‚
1181 390 1223 432 ὃ(

182 460 230 503 ad
264 458 379 501 usum
411 454 558 498 affidua
591 451 669 494 stili
703 449 995 493 exercitatione
1028 446 1222 508 tracium,

180 516 335 562 firmius
380 510 608 556 inolescent
651 506 801 550 animis
833 536 845 557 ‚
887 518 1010 560 quam
1055 516 1222 547 recitata

180 572 444 618 memoriter.

241 632 362 673 Porro
398 628 440 669 in
473 622 692 666 traditione
725 630 1022 674 praeceptorum
1056 616 1096 659 id
1128 632 1222 659 meo

179 686 333 741 judicio
366 693 556 739 peccatur
587 679 630 722 in
665 676 810 719 scholis
845 675 1053 737 maxime,
1085 674 1189 729 quod
1210 706 1221 727 ‚

178 761 266 801 quae
312 742 359 785 ad
392 739 547 783 Latinae
594 735 745 789 linguae
790 732 1115 787 intelligentiam
1161 746 1220 774 re-

183 804 405 857 quiruntur
440 795 566 837 latine
600 792 828 846 praebentur
855 821 867 843 ,
911 803 1030 844 atque
1063 788 1119 831 ita
1149 789 1218 830 ob-

184 866 295 902 icura
343 869 411 911 per
455 850 685 894 obscuriora
727 847 961 902 panduntur
991 877 999 887 .
1051 845 1220 888 Etenim

180 914 330 970 regulae
363 911 410 954 ad
446 909 666 951 au&0rum
701 904 830 947 sensus
863 902 1090 947 reserandos
1111 902 1222 944 insti-

182 986 314 1023 tutae‚
348 968 528 1024 ipsaemet
565 963 753 1019 indigent
786 961 927 1004 eadem
965 958 1070 1002 clavi
1110 959 1221 1010 cujus

183 1030 295 1072 usum
329 1042 350 1068 a
383 1022 534 1079 regulis
576 1020 756 1077 petimus
786 1050 796 1060 .
829 1017 939 1071 Quid
980 1030 1120 1059 autem
1152 1017 1219 1058 ab·

182 1084 367 1137 surdius,
398 1095 521 1137 quam
557 1091 690 1134 petere
725 1075 859 1119 lucem
891 1090 914 1117 a
946 1074 1147 1125 tenebris,
1178 1073 1220 1115 &

180 1145 336 1198 linguae
382 1135 708 1192 intelligentiam
752 1147 927 1188 quaerere
960 1148 982 1174 a
1014 1143 1221 1186 praeceptis

180 1200 320 1244 eadem
356 1196 495 1252 lingua
526 1193 708 1236 nondum
740 1189 948 1232 intelle-Sta
970 1188 1220 1241 conscriptis?

181 1261 295 1301 Cum
323 1252 518 1297 naturalis
560 1264 694 1293 rerum
738 1246 835 1289 ordo
868 1246 1065 1303 postulet,
1099 1257 1142 1287 ut
1174 1244 1220 1286 ad

179 1315 347 1359 obscura
367 1327 438 1367 par
461 1319 602 1363 aperta
641 1319 855 1361 pergamus
874 1335 886 1357 ,
917 1319 964 1346 ac
994 1301 1222 1345 vernaculis

187 1371 361 1415 vocibus
404 1366 542 1421 regula
578 1362 651 1407 illa
676 1361 855 1404 tradatur
881 1392 893 1414 ,
936 1359 1047 1411 cujus
1070 1359 1117 1402 ad
1149 1357 1221 1400 ali-

183 1446 250 1474 am
279 1428 464 1481 linguam
509 1420 769 1476 aperiendam
813 1418 866 1460 est
900 1419 1011 1459 usus.
1044 1417 1100 1459 Et
1126 1431 1221 1469 prae-

189 1502 296 1530 terea
332 1484 452 1537 longe
485 1477 646 1521 facilius
679 1478 833 1517 haerent
867 1475 1078 1517 memoriae
1098 1472 1222 1526 clara,

188 1558 313 1600 quam
334 1538 497 1584 obscura
525 1547 744 1592 praecepta.
772 1530 894 1574 Niliil
916 1531 1080 1586 gravius
1093 1531 1224 1581 enim,

190 1599 305 1644 nihil
350 1593 610 1640 aerumnosius
637 1622 648 1643 ‚
694 1605 817 1645 quam
862 1589 1031 1631 ediscere
1070 1587 1223 1640 prorsus

187 1660 330 1713 ignota
353 1686 362 1696 .
400 1655 494 1707 Quo
528 1665 634 1692 novo
668 1645 854 1701 supplicii
888 1660 1032 1700 genere
1054 1644 1224 1687 afficitur

188 1730 282 1760 aetas
315 1711 386 1756 illa
418 1707 600 1753 hominis
632 1703 812 1747 maxime
846 1702 1043 1752 innoxia,
1078 1715 1224 1755 nempe

191 1769 391 1827 puerilis,
422 1781 509 1822 quae
540 1777 680 1820 poenas
713 1762 756 1803 in
786 1759 880 1802 ludo
913 1757 1094 1802 literario
1126 1773 1225 1813 pen-

186 1830 245 1872 dit
283 1823 525 1882 ignorantiae
557 1819 844 1874 magistrorum
865 1847 874 1857 .
1063 1870 1072 1878 α

249 1886 393 1927 Praeter
433 1878 723 1923 obscuritatem
755 1905 767 1927 ‚
812 1888 894 1915 non
932 1871 1020 1916 leve
1062 1886 1224 1915 incom-

191 1941 361 1986 modum
401 1936 503 1992 parit
541 1932 762 1977 multitudo
803 1943 1099 1985 praeceptorum
1131 1960 1143 1982 ‚
1183 1929 1226 1971 ἃ

190 1992 479 2052 exceptionum
509 2024 520 2045 ,
566 2005 735 2046 quarum
778 1987 893 2042 copia
933 1986 1115 2042 regulam
1149 1984 1227 2028 ali-

189 2054 350 2110 quando
376 2052 472 2094 adeo
497 2059 689 2093 extenuat
715 2077 728 2100 ,
774 2058 816 2086 ut
841 2044 987 2087 inutile
1014 2042 1136 2086 fuerit
1165 2057 1223 2105 re-

190 2110 332 2167 degisse
377 2109 421 2152 in
465 2106 646 2161 regulam
673 2134 686 2157 ‚
728 2101 832 2158 quod
877 2113 939 2144 tot
969 2099 1227 2163 exceptioni-

193 2171 263 2211 bus
295 2179 381 2210 erat
406 2160 755 2212 exhauriendum3
785 2158 891 2214 quod
921 2157 1100 2208 accidit,
1132 2171 1227 2199 cum

194 2216 329 2279 paucis
369 2223 418 2264 ab
450 2218 651 2274 exemplis
694 2215 841 2273 regulae
881 2214 1225 2258 concluduntur:

194 2297 284 2324 tum
317 2280 430 2323 enim
453 2293 501 2320 ex
534 2274 733 2329 exemplis
765 2271 1010 2324 contrariis,
1037 2284 1158 2326 atque
1181 2269 1228 2312 de

194 2337 332 2392 regula
357 2333 524 2378 exclusis
555 2332 746 2375 oriuntur
774 2329 1036 2384 exceptiones
1059 2357 1070 2370 .
1103 2326 1227 2389 Unde

195 2410 277 2449 quo
313 2393 401 2447 sunt
441 2391 668 2446 angustiora
707 2398 900 2443 praecepta
937 2417 949 2439 ‚
1004 2401 1052 2447 eo
1098 2398 1229 2439 magis

194 2452 239 2494 ὅτ.
278 2461 473 2505 praecepta
522 2448 601 2502 ipsa
645 2446 687 2488 ἃ
729 2444 989 2498 exceptiones
1025 2442 1229 2486 increbre-

198 2510 312 2551 scunt
335 2538 347 2559 ‚
388 2505 550 2560 perinde
582 2515 699 2558 atque
738 2502 865 2555 hydra
903 2500 1052 2542 secetur
1074 2523 1085 2536 ·
1119 2499 1230 2551 Qua-

197 2565 383 2608 mobrem
403 2562 484 2603 =eas
515 2560 698 2604 utiliores
735 2557 966 2614 putaverim
1006 2554 1162 2608 regulas
1188 2553 1231 2598 &

198 2620 497 2664 commodiores
516 2649 527 2670 ,
559 2631 644 2672 quae.
675 2616 853 2658 minores
881 2627 1052 2656 numero
1066 2612 1228 2667 quidem

200 2678 277 2720 sint
292 2709 303 2729 ,
336 2674 554 2730 complexu
577 2688 673 2715 vero
695 2671 858 2714 latiores
873 2702 886 2724 ‚
908 2685 928 2713 e
944 2669 1090 2724 quibus
1105 2671 1228 2724 quam

202 2733 430 2777 minimum
465 2741 602 2785 carpat
631 2728 818 2783 exceptio
842 2758 852 2768 .
1046 2780 1054 2790 ο

262 2789 396 2843 Igitur
432 2804 452 2830 e
483 2799 598 2829 tanto
637 2800 807 2827 numero
832 2794 1229 2844 grammaticorum,

202 2847 236 2891 is
279 2861 373 2889 meo
414 2843 563 2895 judicio
607 2841 731 2884 studia
771 2838 1004 2882 Latinitatis
1047 2849 1230 2880 ineunti-

206 2905 279 2947 bus
320 2902 503 2946 maxime
538 2898 736 2955 proderit,
769 2896 838 2952 qui
871 2911 891 2938 e
924 2893 1141 2937 Sanffiana
1170 2909 1232 2936 ra·

1243 227 1256 316 l

972 143 1821 201 GRAVINAE

1276 218 1351 261 luit
1376 251 1388 271 ‚
1418 235 1441 261 a
1466 220 1609 275 quibus
1633 233 1764 264 artem
1798 235 1951 266 traxere
1982 224 2091 268 suam
2123 224 2305 280 Despan-

1275 277 1423 328 terius,
1455 277 1498 319 8<
1527 276 1610 328 ejus
1646 277 1862 334 discipulus
1901 282 2049 325 merito
2080 283 2300 325 laudatiisi-

1275 348 1364 375 mus
1393 334 1597 378 Emanuel
1630 334 1808 378 Alvarus
1839 367 1848 377 .
1896 338 2179 382 prudentiores
2208 355 2318 382 vert>

1272 389 1319 432 ad
1351 390 1581 433 naturalem
1619 391 1855 445 rationem,
1887 393 1986 437 duce
2008 395 2266 450 philosophia
2291 425 2305 448 ‚

1270 446 1312 489 ὅ(
1337 446 1383 489 ad
1414 447 1662 502 simpliciora
1691 449 1891 504 principia
1918 451 2217 496 observationes
2244 467 2306 494 re-

1272 519 1465 548 vocavere
1505 504 1588 547 suas
1621 536 1633 558 ‚
1677 506 1783 549 unde
1819 521 2037 552 numerum
2073 510 2306 564 regularum

1271 561 1481 604 utilissime
1514 562 1755 605 minuerunt
1780 579 1791 604 t
1823 579 2000 619 quorum
2027 564 2212 619 princeps
2234 567 2306 616 Ju-

1273 618 1348 661 lius
1363 618 1497 679 Caesgr
1524 618 1732 675 Scaliger,
1761 619 1834 674 qui
1860 621 2144 675 grammaticae
2174 636 2307 675 partes

1269 675 1315 717 ad
1345 674 1682 729 philosophorum
1709 691 1881 719 examen
1897 677 2104 731 traduxit,
2122 678 2307 721 &Fran-

1269 733 1394 775 cilcus
1435 731 1619 775 sanetius
1652 748 1664 785 ;
1706 733 1775 788 qui
1826 734 2015 788 syntaxin
2051 734 2305 790 potissimum

1269 790 1318 832 ab
1343 789 1413 831 usu
1440 789 1576 845 adegit
1599 789 1646 832 ad
1673 790 1914 844 scientiam,
1941 807 2114 846 eamque
2141 792 2183 834 in
2199 791 2308 835 mul-

1270 846 1320 888 tis
1343 845 1502 888 dicendi
1545 846 1760 902 generibus
1795 847 1993 891 latentem
2032 865 2104 904 per
2128 848 2306 904 ellipsim

1268 902 1498 957 expedivit:
1532 918 1706 958 quorum
1736 920 1757 947 e
1797 904 1952 960 scriptis
1980 906 2119 948 breves
2158 905 2307 952 una&

1268 960 1534 1014 amplissimas
1574 961 1835 1015 composuere
1870 961 2032 1014 regulas
2070 964 2231 1006 Voffius
2263 963 2308 1005 δε

1268 1017 1480 1073 Scioppius
1505 1047 1516 1058 .
1547 1017 1708 1059 Verum
1737 1017 1834 1071 quia
1869 1017 2096 1061 rationibus
2124 1050 2136 1073 ‚
2161 1020 2307 1075 quibus

1268 1073 1582 1130 agglutinantur
1605 1073 1824 1116 Sanetiana
1851 1088 2048 1130 praeeepta
2078 1104 2091 1127 ‚
2137 1075 2304 1129 puerilis

1269 1144 1363 1175 aetas
1409 1131 1464 1174 est
1502 1130 1635 1184 impar
1663 1162 1678 1184 ‚
1720 1142 1927 1186 utcunque
1970 1131 2200 1175 brevissima
2238 1131 2311 1175 illa

1271 1189 1345 1231 sint
1372 1219 1385 1241 ‚
1421 1200 1541 1243 atque
1581 1186 1873 1241 simplicissima
1892 1219 1904 1239 ‚
1936 1187 2026 1232 ideo
2050 1186 2310 1232 commodior·

1269 1246 1348 1289 erit
1373 1245 1421 1288 ad
1462 1243 1690 1287 scholarum
1731 1245 1847 1287 usum
1879 1246 2009 1288 Voffii
2035 1246 2307 1301 grammatica

1271 1302 1410 1345 minor
1438 1333 1449 1354 ‚
1481 1316 1570 1356 quae
1605 1300 1723 1343 hodie
1755 1302 1799 1343 in
1834 1301 1980 1345 scholis
2003 1302 2180 1358 Belgicis
2203 1303 2309 1346 cele-

1271 1361 1407 1402 bratur
1440 1388 1447 1396 .
1503 1359 1566 1401 Ea
1607 1356 1720 1400 enim
1752 1358 1795 1401 δε
1821 1374 1843 1400 a
1875 1359 2212 1414 philosophorum
2247 1375 2311 1402 ra-

1272 1417 1383 1459 tione
1423 1414 1677 1470 progreditur
1703 1446 1716 1468 ‚
1765 1415 1807 1458 ἃ
1849 1415 2008 1459 facilius
2042 1416 2218 1460 fieffitur
2259 1415 2309 1458 ad

1273 1487 1439 1528 captum
1472 1487 1715 1527 puerorum3
1746 1488 1919 1527 quorum
1950 1473 1977 1516 fi
2004 1474 2093 1530 quis
2124 1472 2307 1516 ascholis

1271 1530 1450 1573 dimissus
1480 1528 1694 1571 Latinitati
1728 1529 1878 1572 studere
1923 1529 2023 1573 velit
2059 1530 2307 1584 impensius,

1272 1589 1306 1630 ei
1338 1588 1448 1629 labor
1472 1587 1525 1628 est
1556 1585 1776 1628 subeundus
1806 1585 1960 1639 major,
1993 1602 2169 1643 cumque
2194 1598 2306 1629 vete-

1275 1646 1380 1688 ribus
1406 1659 1511 1685 nova
1535 1642 1845 1698 conjungenda,
1877 1644 1979 1686 &ad
1993 1643 2186 1698 Scaligeri
2207 1644 2309 1685 San-

1273 1701 1423 1755 &iique
1455 1699 1672 1743 lthionem
1705 1699 1908 1743 addendus
1947 1701 2073 1744 etiam
2103 1700 2309 1752 Alvarus,

1274 1759 1340 1814 qui
1366 1756 1678 1810 Despauterium
1699 1757 1746 1799 ad
1770 1756 1972 1809 aptiorem
1994 1757 2149 1812 digessit
2165 1757 2279 1800 usum
2295 1787 2305 1798 .

1335 1817 1492 1857 Verum
1533 1813 1730 1869 quoniam
1773 1813 2008 1869 eloquentia
2055 1814 2170 1856 rebus
2208 1828 2311 1857 con-

1274 1873 1346 1915 stat
1380 1872 1424 1913 &
1464 1871 1594 1913 verbis
1618 1885 1761 1925 ,vquae
1802 1871 1918 1912 rebus
1960 1870 2181 1925 pandendis
2218 1871 2309 1912 sunt

1275 1926 1486 1972 necessaria
1521 1958 1534 1981 ‚
1591 1926 1679 1970 ideo
1723 1926 1791 1969 ubi
1835 1928 1947 1981 pueri
1995 1926 2311 1982 significationes

1274 1984 1555 2040 ordinatasque
1600 1982 1915 2038 compositiones
1960 1986 2179 2028 verborum
2226 1983 2313 2028 cal-

1276 2043 1459 2094 luerint,
1491 2040 1713 2084 adducendi
1754 2040 1953 2084 continuo
1989 2053 2109 2085 erunt
2142 2041 2191 2084 ad
2216 2040 2312 2083 fon-

1275 2114 1332 2144 tes
1370 2112 1503 2142 rerum
1529 2127 1543 2149 ,
1597 2113 1697 2153 quos
1741 2097 1916 2141 minime
1959 2099 2088 2154 aperit
2132 2097 2310 2154 vulgaris

1276 2157 1347 2200 illa
1381 2153 1598 2210 sterilisque
1637 2154 1837 2198 rhetorica
1864 2186 1877 2207 ‚
1920 2158 2138 2199 verborum
2175 2154 2311 2210 potius

1275 2213 1478 2258 coloribus
1512 2210 1701 2254 notandis
1726 2242 1739 2265 ,
1779 2226 1903 2267 quarn
1931 2212 2219 2256 sententiarum
2247 2226 2311 2254 ra-

1275 2271 1428 2314 dicibus
1469 2267 1721 2325 proferendis
1766 2268 1910 2311 idonea
1957 2301 1966 2312 .
2028 2269 2312 2324 Disputaturus

1275 2328 1430 2372 etenim
1465 2325 1624 2381 copiose
1659 2325 1793 2382 aliqua
1830 2326 1876 2367 de
1913 2342 1951 2368 re
1985 2340 2106 2381 atque
2144 2324 2308 2379 elegan-

1278 2398 1336 2429 ter
1363 2417 1374 2438 ,
1419 2398 1510 2426 eam
1546 2382 1653 2425 nosse
1686 2399 1785 2437 opus
1832 2381 1951 2425 habet
1981 2399 2003 2426 e
2042 2382 2114 2424 suis
2149 2381 2272 2424 causis
2298 2411 2310 2432 ,

1276 2443 1319 2486 δε
1361 2454 1593 2498 percurrere
1636 2439 1810 2495 singulas
1845 2452 1974 2493 partes
2015 2438 2159 2480 illius:
2213 2438 2309 2480 huic

1276 2499 1390 2543 enim
1419 2529 1431 2550 ‚
1470 2497 1495 2539 si
1538 2497 1586 2538 ad
1626 2511 1717 2540 eam
1754 2495 2039 2550 cognitionem
2071 2495 2312 2536 diuturnum

1277 2555 1490 2600 auftorum
1528 2553 1644 2596 usum
1689 2551 1918 2603 adjunxerit
1951 2583 1964 2606 ‚
2007 2552 2128 2594 verba
2159 2551 2239 2606 ipsa
2262 2550 2310 2594 de

1279 2628 1319 2656 re
1353 2612 1461 2654 ultro
1494 2609 1528 2652 se
1559 2610 1731 2653 offerent
1753 2641 1763 2651 .

1336 2666 1573 2711 Hominum
1615 2681 1738 2722 porro
1779 2665 2069 2721 disputationes
2123 2679 2269 2707 omnes
2301 2694 2314 2717 ‚

1281 2725 1343 2769 vel
1388 2726 1430 2767 in
1480 2721 1609 2766 certis
1658 2723 1831 2766 scientiis
1883 2723 2113 2779 artibusque
2153 2722 2316 2765 versan-

1279 2795 1344 2826 tur
1383 2813 1395 2834 ‚
1459 2778 1589 2834 qualis
1645 2778 1699 2823 est
1739 2780 2096 2834 Jurisprudemia,
2152 2777 2319 2822 scientia

1282 2853 1419 2882 rerum
1455 2834 1710 2879 naturalium
1738 2867 1751 2890 ‚
1796 2838 2058 2880 Astronomia
2087 2867 2099 2890 ,
2140 2835 2184 2878 δί
2214 2847 2319 2878 artes

1281 2895 1454 2950 denique
1485 2908 1630 2935 omnes
1654 2925 1666 2947 ,
1697 2908 1786 2949 quae
1820 2906 1890 2937 aut
1928 2907 2066 2937 mente
2090 2925 2103 2946 ‚
2143 2905 2213 2935 aut
2239 2891 2322 2934 lin-

207 3018 456 3060 maticorum
484 3016 594 3057 natio
634 3025 781 3066 partim
817 3009 1008 3052 vetustior
1031 3008 1111 3060 est,
1145 3022 1233 3063 par·
1287 3021 1433 3065 paritur
1467 3007 1509 3049 in
1545 3008 1726 3050 moribus
1769 3007 1988 3053 hominum
2015 3039 2027 3060 ,
2063 3023 2109 3049 ac
2149 3003 2321 3060 regimi-

205 3076 283 3117 tim
324 3073 559 3116 recentior.
610 3068 819 3111 Vetustior
854 3065 1122 3121 grammatica
1153 3078 1235 3106 non
1288 3082 1337 3122 ne
1371 3063 1522 3117 civili,
1558 3064 1751 3119 rebusque
1781 3064 1917 3119 positis
1943 3065 1985 3107 in
2013 3063 2228 3108 communi
2253 3077 2323 3105 co-

208 3145 292 3175 tam
323 3129 575 3182 rationibus,
605 3140 729 3182 quarn
766 3121 1114 3168 observationibus
1145 3137 1236 3166 coa·
1289 3121 1481 3181 gnitione
1525 3133 1647 3178 atque
1692 3121 1759 3165 usu
1785 3152 1797 3174 ‚
1847 3136 1995 3177 nempe
2032 3120 2249 3164 virtutibus
2280 3117 2325 3160 δε

209 2960 320 3003 tione
353 2960 434 3001 suas
465 2957 615 3001 eruerit
641 2953 819 3017 regulas.
851 2952 1058 3007 Siquidem
1094 2796 1361 3224 gram-xgua
1383 2983 1396 3006 ‚
1451 2961 1520 2992 aut
1558 2965 1685 2993 manu
1729 2952 2002 3005 expediuntur
2034 2968 2046 3005 3
2091 2949 2153 2993 vel
2198 2964 2323 2992 occu-

2265 3174 2331 3217 vi-
