2451 3470
167 141 266 178 122
805 123 873 174 V.
993 123 1046 176 G
1127 124 1179 175 R

169 195 424 252 justinianeo
473 194 609 241 codice
653 196 764 239 domi
799 195 1053 253 praelegendo
1080 229 1091 250 ‚
1140 197 1216 241 tri-

168 255 305 299 mestri
350 254 475 298 studio
523 253 753 297 absolutam
785 254 1113 309 Jurisprudentiae
1147 270 1214 298 co-

1261 125 1846 181 AVINAE

1267 199 1339 257 qui
1388 197 1524 262 ferulae
1569 216 1739 245 manum
1774 211 1910 258 nuper·
1931 201 2156 249 subduxit?
2201 219 2313 250 nune

1266 272 1403 302 autem
1434 289 1446 311 ‚
1490 258 1680 307 ianthina
1725 259 1888 303 indutus
1921 291 1935 312 ,
1979 275 2000 304 e
2047 260 2140 304 sella
2180 261 2313 306 curuli

172 312 408 367 gnitionem
458 311 672 364 juvenibus
715 325 784 354 ore
826 309 954 355 ferreo
1000 311 1218 365 promitte*
1267 316 1510 359 sententiam
1544 315 1755 370 proferens
1781 347 1794 370 ‚
1827 322 1958 373 neque
1987 316 2134 361 discere
2167 318 2312 374 digna-

170 372 296 414 bant.
332 372 494 414 Horum
529 369 659 425 igitur
689 367 808 410 duces
841 384 924 411 non
952 369 1043 411 satis
1065 367 1216 412 habent
1268 385 1335 416 tur
1362 371 1547 427 amplius
1567 404 1579 426 ‚
1612 389 1742 430 neque
1765 373 2051 438 'ignorantiam
2087 375 2196 418 suam
2229 375 2310 419 alia

170 427 364 484 ignorare
397 426 468 483 ipfi
500 425 605 482 leges
638 456 650 478 ,
693 424 735 466 &
768 425 882 467 usum
917 425 1118 472 bonorum
1152 427 1215 469 in·
1267 429 1387 473 novit
1420 440 1505 473 arte
1532 462 1556 494 ·,

168 497 426 541 terpretum,
461 482 532 526 nisi
568 496 775 537 propriam
810 481 1021 525 inscitiam
1036 482 1125 526 stilo
1149 483 1215 527 suo

167 542 494 598 pestilentissimo
530 571 541 592 ,
584 538 627 581 ὅ(
660 537 940 582 voluminibus
971 540 1217 583 immaniffi-

169 600 251 644 mis
282 598 562 642 transmittant
594 597 637 639 in
671 595 843 650 posteros
876 612 885 637 τ
938 597 1008 652 qui
1041 595 1215 641 leffione

170 657 242 700 illa
276 656 456 713 pudenda
485 686 496 706 ‚
539 653 584 702 <St
612 651 831 696 clientibus
863 654 1045 697 maxime
1077 654 1216 710 deplo-

170 714 296 757 randa
341 710 477 766 procul
520 708 812 773 auferuntur-a
847 711 956 765 puris
987 710 1216 756 luminibus

170 770 296 824 juris,
328 770 372 813 &
402 786 424 811 a
457 782 658 818 majorum
689 778 885 810 veritate:
919 781 1095 824 quorum
1127 769 1214 813 vice

167 829 358 872 dedecora
393 825 460 868 ista
492 823 820 880 Jurisprudentiae
840 856 853 878 ,
885 841 930 868 ac
962 824 1038 869 fori
1074 826 1214 882 piacu-

170 884 208 928 la
253 882 582 938 complec‘Jtuntur
610 912 624 934 ‚
670 881 756 937 pari
803 897 898 925 cum
942 882 1001 926 eis
1050 884 1212 927 vesania

166 941 384 993 furentes,
428 939 470 982 δε
515 952 659 982 contra
702 938 910 995 graviores
941 939 1213 996 Iurisconsul-

172 1010 233 1042 tos
288 996 543 1042 audacissime
592 996 835 1039 blaterantes
869 1028 878 1038 .
926 998 1209 1052 Quamobrem

163 1055 319 1112 legibus
348 1086 360 1107 ,
403 1053 447 1096 ἃ
493 1051 606 1097 civili
650 1054 809 1096 ratione
861 1053 978 1096 simul
1010 1071 1106 1098 cum
1141 1056 1212 1104 Ju—

167 1111 504 1157 risconsultorum
537 1110 780 1154 austoritate‘
807 1109 1002 1165 dejeffis,
1035 1124 1119 1155 tam
1138 1114 1206 1156 bo-

164 1187 218 1214 na
250 1169 471 1212 hominum
503 1200 515 1222 ‚
559 1184 682 1223 quam
714 1167 964 1213 existimatio
993 1200 1005 1221 ,
1048 1170 1091 1212 &
1126 1170 1211 1214 vita

165 1225 411 1282 ignorantiae
444 1257 456 1278 ‚
514 1224 774 1281 avaritiaeque
825 1237 966 1279 patent
1000 1257 1010 1268 .
1070 1228 1208 1283 Quam

161 1283 493 1340 jurisprudentiae
525 1281 834 1332 calamitatem,
868 1282 910 1325 &
941 1282 1109 1334 Justitiae
1129 1285 1208 1327 rui-

162 1357 289 1395 nam,
322 1341 422 1394 nisi,
455 1340 742 1383 CLEMENS
773 1340 1010 1383 OPTIME
1030 1372 1041 1394 ,
1076 1341 1208 1397 qui&

160 1399 264 1442 nosti
291 1430 305 1453 ,
335 1398 378 1441 δε
411 1409 521 1453 potes
553 1429 564 1450 ,
599 1397 641 1440 &
677 1395 781 1440 velle
812 1397 928 1440 debes
952 1429 966 1450 ,
997 1400 1207 1461 quampri-

157 1471 278 1499 mum
311 1467 497 1507 averta5‚
529 1453 743 1506 juventute
778 1454 916 1497 saltem
950 1454 1132 1498 triennio
1163 1456 1206 1500 in

158 1511 337 1569 publicis
370 1510 513 1556 scholis
545 1511 760 1554 detinenda
783 1541 796 1564 ,
847 1510 891 1553 &
923 1510 1101 1566 ipsorum
1134 1514 1206 1565 Ju-

157 1569 455 1613 stinianeorum
499 1568 762 1611 voluminum
803 1567 1078 1621 explicatione
1128 1571 1205 1614 im—

154 1627 363 1682 peranda,
398 1625 716 1680 restituendaque
753 1623 1093 1670 Accurfianorum
1132 1627 1205 1670 sal-

159 1696 274 1737 tem,
305 1683 349 1726 &
382 1682 688 1725 Bartolinorum
722 1681 992 1737 interpretum
1025 1684 1205 1727 au&ori—

157 1751 241 1784 tate
267 1771 279 1794 ‚
323 1739 477 1790 rejeffis
510 1739 792 1782 farciminibus
826 1739 1056 1784 tabularum
1091 1757 1104 1795 3
1135 1757 1203 1786 ve-

155 1799 331 1841 rendum
374 1797 489 1849 erit,
534 1811 585 1840 ne
629 1796 742 1839 brevi
786 1812 808 1838 a
858 1796 1203 1853 Jurisprudentia,

157 1870 246 1911 quae
291 1854 550 1897 Pontificiam
585 1869 744 1910 quoque
776 1853 1109 1908 Jurisdiffi‘tionem
1143 1869 1204 1899 te-

157 1912 221 1956 xit
251 1923 371 1967 atque
403 1910 613 1965 munivit,
645 1910 688 1954 ὃς
718 1924 877 1954 exteros
892 1910 1200 1960 majorumtuo-

156 1985 251 2012 rum
283 1969 384 2012 olim
421 1968 584 2020 subjecit
615 1968 816 2019 oraculis,
849 1969 1048 2011 conversis
1081 1970 1203 2013 modo

155 2027 271 2069 rebus
305 2058 317 2080 ,
349 2026 396 2069 ad
431 2041 562 2070 mores
592 2024 835 2077 judiciorum
867 2025 1078 2079 Scythicos
1109 2043 1200 2070 om·

154 2084 258 2127 nino
292 2084 540 2127 transeamus
568 2114 579 2126 .
622 2084 771 2137 Neque
805 2097 901 2126 vero
932 2083 1048 2126 debet
1084 2084 1200 2127 Prin-

156 2156 248 2197 ceps
281 2141 503 2196 praesertim
540 2140 672 2193 sacer,
703 2140 747 2183 ὃς
778 2138 875 2191 juris
907 2152 992 2183 tam
1027 2141 1199 2185 humani

153 2214 279 2255 quarn
311 2197 442 2241 divini
473 2198 599 2241 custos
623 2214 669 2241 ac
685 2197 944 2251 moderator,
977 2198 1200 2254 quidquam

153 2270 396 2310 promovere
429 2254 584 2309 magis,
616 2270 738 2310 quam
774 2255 925 2299 sacram
957 2254 1000 2298 8<
1032 2255 1200 2300 civilem

154 2312 525 2367 Jurisprudentiam
555 2325 768 2368 artemque
798 2311 981 2363 justitiae:
1014 2316 1103 2369 qua'
1126 2329 1197 2357 ne—

153 2368 321 2424 gleRa,
367 2368 430 2411 vel
477 2370 522 2413 de
570 2368 633 2413 die
676 2370 719 2412 in
762 2369 870 2414 diem
902 2370 1084 2413 extraffih
1110 2402 1122 2424 ,
1156 2383 1199 2414 ut

151 2442 275 2483 quam
308 2426 571 2470 creberrimas
597 2458 609 2479 ,
652 2426 694 2470 ὃ(
727 2425 979 2482 longiffimas
1010 2428 1057 2469 ad
1091 2441 1196 2471 tem-

150 2483 219 2539 pla
270 2484 475 2527 Divorum
511 2483 819 2538 supplicationes
853 2485 1073 2528 habeamus
1098 2518 1110 2539 ,
1154 2487 1196 2530 ἃ

149 2540 385 2585 orationem
429 2553 793 2598 quantumcunque
837 2542 1194 2597 multiplicemus,

145 2614 171 2642 a
202 2600 291 2641 Deo
323 2630 335 2652 ,
381 2598 484 2641 Isaia
516 2597 609 2642 teste
636 2630 647 2651 ‚
695 2600 794 2650 (a)
826 2595 1038 2656 nunquam
1070 2616 1195 2644 exau-

145 2654 308 2698 diemur
338 2688 350 2709 ‚
383 2654 478 2711 quia
509 2686 521 2708 ,
554 2667 599 2698 ut
630 2654 733 2699 alius
766 2656 1063 2712 Prophetarum
1090 2659 1153 2700 ait
1182 2674 1193 2711 ;

143 2710 352 2766 Jusiitiam
379 2714 467 2764 ejus
498 2712 714 2766 nesciamus
740 2745 748 2755 .
799 2716 900 2769 Quis
932 2727 1068 2756 autem
1101 2704 1219 2758 eam*

146 2769 331 2818 nesciens
363 2769 623 2812 exercuerit?
671 2782 741 2812 aut
774 2770 982 2826 quomodo
1014 2770 1073 2821 jus
1106 2773 1192 2813 red·
1239 2775 1435 2816 ditor-ibus
1492 2773 1733 2816 referentem
1761 2804 1770 2814 .

1239 2830 1377 2874 centio
1429 2831 1513 2872 Ill.
1546 2831 1607 2881 (b
1631 2831 1646 2880 )
1671 2830 1816 2873 *scribit
1850 2834 1991 2874 Cetera
2023 2850 2175 2888 quoque
2198 2833 2285 2887 fere

145 2826 290 2869 diderit
336 2825 426 2868 aliis
461 2857 472 2876 ,
523 2826 591 2881 qui
626 2826 733 2879 prius
767 2827 845 2882 ipse
880 2841 962 2869 non
994 2828 1149 2881 accepit
1180 2846 1189 2871 :

1604 445 1728 487 quam
1764 429 2020 486 impudentia
2051 430 2311 487 definiendi,

1263 488 1307 531 δε
1341 489 1637 541 pronunc1andi
1671 487 1869 532 facilitate
1901 487 2170 532 dissimulare.

1324 544 1399 587 Sed
1448 542 1530 594 jam
1573 561 1595 588 a
1643 544 1727 596 jure
1759 545 1871 589 civili
1906 544 2143 588 decedamus
2173 547 2221 589 ad
2253 547 2313 592 sa-

1264 616 1409 654 crum,
1441 612 1565 656 atque
1597 603 1647 645 ab
1679 602 1869 646 humanis
1906 601 2060 657 legibus
2090 602 2138 644 ad
2152 602 2311 648 divinas

1267 658 1572 712 ascendamus3
1615 674 1763 714 nempe
1808 660 1854 702 ad
1899 658 1959 710 jus
2004 658 2267 705 Pontificium
2294 693 2311 717 ,

1263 715 1370 769 quod
1412 716 1564 769 partim
1608 733 1630 759 a
1684 717 1834 761 divinis
1867 716 1986 760 fluxit
2019 716 2130 760 libris
2158 749 2170 769 ‚
2220 734 2310 773 par,-

1265 772 1342 814 tim
1375 788 1398 815 a
1430 772 1514 824 jure
1547 773 1688 816 civili:
1723 774 1835 825 cujus
1868 789 1960 817 cum
1995 773 2226 829 peritissimi
2252 776 2309 819 es-

1265 829 1348 872 sent
1383 830 1693 885 Decretalium,
1725 847 1822 886 quas
1845 842 2019 883 vocant,
2050 831 2306 887 conditores,

1261 887 1579 941 quamplurimis
1643 888 1792 943 regulis
1840 888 2238 932 ac'definitionibus
2283 904 2306 933 e

1263 944 1448 987 sanfi‘tiori
1481 945 1800 1000 Jurisprudentia
1835 943 2107 1001 susceptisjus
2132 946 2306 990 Pontifi-

1261 1000 1372 1044 cium
1403 1003 1698 1056 expleverunt,
1730 1003 1773 1046 ἃ
1807 1002 1958 1046 semina
1991 1002 2194 1056 sapientiae
2219 1019 2305 1047 coe-

1262 1056 1366 1100 lestis
1393 1058 1608 1103 aluerunt
1651 1059 1856 1103 honestate
1901 1058 2076 1101 naturali
2104 1090 2116 1112 ‚
2158 1075 2180 1102 a
2211 1062 2302 1104 Deo

1258 1115 1384 1158 etiam
1417 1117 1459 1158 in
1493 1116 1634 1159 nostris
1667 1116 1866 1172 insculpta
1898 1116 2105 1159 mentibus
2136 1146 2149 1168 ,
2189 1114 2302 1168 cujus

1258 1173 1361 1226 apud
1406 1174 1571 1217 Graecos
1621 1173 1858 1230 Philosophi
1897 1204 1909 1223 ,
1951 1172 2055 1228 apud
2088 1174 2303 1217 Romanos

1259 1245 1354 1273 vero
1384 1230 1665 1282 jurisconsulti
1700 1231 1881 1274 vindices
1895 1230 2058 1273 fuerunt
2077 1243 2196 1285 atque
2213 1229 2306 1273 cul-

1259 1299 1364 1330 tores
1390 1320 1399 1329 .
1435 1291 1498 1331 Ac
1534 1289 1559 1330 si
1591 1288 1690 1343 quid
1724 1287 1887 1331 liberius
1915 1319 1927 1338 ‚
1976 1299 2045 1329 aut
2079 1287 2248 1331 severius
2279 1304 2302 1332 a

1257 1343 1342 1394 iure
1374 1345 1489 1388 civili
1520 1345 1734 1388 definitum
1771 1345 1987 1387 Pontifices
2019 1344 2296 1399 invenissent,

1256 1414 1522 1445 coercuerunt
1553 1401 1648 1451 juris
1681 1400 2094 1453 diviniauebritate,
2125 1414 2194 1444 aut
2218 1401 2302 1457 mi-

1256 1459 1442 1513 tigarunt
1475 1491 1487 1511 ,
1521 1459 1628 1502 idem
1662 1460 1703 1501 in
1738 1460 1910 1502 nostrate
1942 1458 2026 1510 jure
2059 1457 2171 1501 civili
2200 1473 2300 1514 prae-

1256 1515 1400 1558 stantes
1436 1549 1448 1569 ,
1481 1517 1588 1572 quod
1622 1530 1774 1561 veteres
1809 1518 1998 1559 Praetores
2031 1516 2299 1570 temperando

1258 1574 1534 1616 Decemvirali
1568 1572 1653 1623 jure
1678 1607 1690 1623 ,
1722 1588 1843 1629 atque
1876 1573 2095 1629 supplendo
2127 1573 2296 1616 consue-

1254 1643 1400 1673 verant
1427 1662 1435 1673 .
1480 1632 1595 1674 Hinc
1628 1631 1760 1674 videat
1793 1630 1980 1682 juventus
2013 1628 2101 1672 foro
2134 1644 2299 1675 vacatu-

1254 1703 1324 1740 ra,
1355 1687 1520 1742 qualem
1552 1687 1724 1744 gratiam
1761 1689 1905 1742 habeat
1939 1688 2011 1740 iis,
2045 1687 2111 1742 qui
2148 1687 2182 1731 se
2203 1687 2298 1739 juris

1254 1744 1458 1788 Pontificii
1492 1745 1889 1805 Doffiores,‚‚absque
1920 1745 2146 1801 plenissima
2172 1745 2297 1796 Juris-

1251 1802 1475 1856 prudentiae
1514 1803 1760 1857 cognitione
1784 1809 1848 1848 'sac
1894 1817 2027 1844 rerum
2072 1801 2294 1847 forensium

1253 1858 1348 1912 usu,
1368 1859 1645 1913 profitentur.
1680 1857 1764 1913 Qui
1797 1858 1822 1901 fi
1843 1858 2293 1914 memineriatqtiales,

1250 1916 1475 1971 quantique
1521 1909 1801 1967 Iurisconsulti
1850 1916 2021 1959 fuerint.
2049 1916 2294 1971 Pontifices,

1250 1988 1272 2015 a
1298 1973 1447 2029 *quibus
1479 1973 1664 2027 epistolas
1698 1973 1932 2017 Decretales
1962 2005 1974 2026 ,
2007 1973 2051 2016 ὃς
2081 1972 2140 2023 jus
2169 1990 2293 2017 omne

1249 2030 1516 2074 Canonicum
1552 2030 1707 2074 forense
1738 2031 2005 2087 accepimus;
2041 2031 2215 2073 minime
2250 2033 2291 2074 in

1248 2087 1427 2132 alienam
1461 2086 1735 2142 possessionem
1769 2089 2045 2143 irrumperent
2074 2120 2085 2140 ‚
2130 2104 2203 2131 nec
2232 2088 2295 2132 fo-

1251 2144 1424 2190 rensium
1458 2161 1622 2197 rerum,
1658 2145 1718 2189 sed
1751 2159 1915 2188 tantum
1950 2146 2146 2200 sacrorum
2174 2145 2293 2189 disci-

1249 2202 1407 2258 plinam
1437 2202 1977 2257 susciperentexplicandam
2000 2234 2012 2256 ‚
2046 2218 2174 2258 neque
2190 2203 2292 2247 alios
2350 2256 2353 2259 ι

1249 2272 1474 2315 quaererent
1503 2260 1705 2303 auditores
1736 2291 1748 2313 ,
1780 2276 1903 2317 quam
1932 2260 2100 2313 juvenes
2127 2260 2294 2305 familiae

1250 2319 1323 2360 suae
1372 2317 1486 2360 sacris
1530 2331 1768 2371 operaturos
1804 2334 1814 2358 :
1862 2334 1910 2362 ne
1961 2317 2160 2361 forensem
2191 2317 2289 2369 juris

1247 2373 1452 2418 Pontificii
1489 2389 1648 2430 partem
1682 2374 2024 2428 contreffiantes,
2068 2388 2288 2431 utrumque

1247 2431 1393 2486 fimul,
1427 2432 1468 2474 &
1505 2432 1558 2475 sui
1591 2431 1745 2475 ordinis
1779 2431 1912 2488 legem
1944 2432 1986 2475 ἃ
2018 2432 2292 2481 ἀοξῖοτὶεοῇἳ-

1243 2490 1352 2532 cium
1401 2489 1564 2544 prodere
1610 2501 1888 2544 cogerentur,
1941 2488 2131 2532 fallentes
2184 2489 2309 2544 paris

1245 2559 1305 2589 ter
1353 2547 1436 2590 suos
1478 2546 1522 2589 &
1562 2545 1718 2589 alienos
1745 2576 1755 2587 .
1801 2545 1878 2588 His
1911 2545 2069 2589 fortasse
2105 2580 2118 2600 ,
2150 2563 2194 2590 ac
2227 2547 2288 2600 ju-

1243 2604 1403 2659 ventuti
1434 2636 1446 2655 ,
1493 2618 1580 2658 quae
1628 2601 1868 2645 austeritate
1918 2603 2086 2647 illorum
2119 2605 2169 2647 ab
2199 2605 2291 2649 ido-

1244 2661 1330 2704 neis
1377 2659 1623 2703 De&oribus
1671 2659 1920 2713 abducitur,
1968 2660 2116 2704 salubre
2165 2662 2287 2707 fuerit

1241 2718 1380 2761 audire
1431 2716 1650 2766 Cujacium
1703 2710 1786 2759 haec
1829 2716 1876 2759 de
1925 2719 2151 2762 canonum
2185 2736 2286 2763 con-

1822 2774 1992 2817 Etenim
2049 2777 2094 2819 de
2155 2779 2285 2820 Inno—

144 2897 215 2926 aut
265 2883 527 2936 quandonam
571 2883 760 2937 accepisse
807 2884 985 2939 potuerit
1037 2884 1188 2927 imber-
1237 2888 1368 2929 omnia
1393 2887 1533 2940 sumsit
1566 2903 1611 2928 ex
1639 2888 1725 2939 iure
1749 2888 1892 2941 civili,
1925 2888 2283 2946 &omm‘noqujd-

150 2941 210 2984 bis
241 2939 467 2984 adolescens
487 2972 499 2994 ,
531 2939 573 2983 &
604 2939 819 2996 imperitus
836 2973 847 2995 ‚
879 2957 925 2984 ac
944 2955 1046 2996 pene
1063 2957 1160 2997 puer
1177 2974 1188 2996 ‚

149 3126 1187 3141 ——-—.=—-————-——-——-——-

187 3187 206 3225 (
230 3196 249 3217 a
272 3185 290 3225 )
320 3182 416 3218 Isaias
443 3190 516 3227 cap.
549 3193 575 3215 x·
612 3182 750 3216 saruch·
778 3190 848 3227 cap.
875 3195 905 3224 4-
933 3196 1023 3218 num.
1058 3195 1107 3225 13·
1139 3195 1142 3197 ’

1234 3131 2027 3143 ι------.---
2044 3135 2149 3143 ——-
2156 3138 2162 3144 ⁴

1235 2946 1341 3000 quid
1365 2945 1591 3000 praeclarum
1623 2943 1674 3000 est
1707 2945 1749 2987 in
1781 2945 1847 2988 hoc
1873 2945 1958 2999 jure
1989 2977 2001 3001 ‚
2033 2964 2079 2989 ex
2108 2950 2192 2999 jure
2223 2951 2280 2990 ci-

2204 3007 2266 3048 vil
2270 3007 2286 3047 ἱ

1280 3189 1297 3228 (
1325 3186 1344 3221 b
1367 3186 1385 3226 )
1435 3190 1482 3224 od
1508 3196 1578 3233 cap.
1610 3200 1656 3231 ¹5·
1682 3186 1719 3219 de
1736 3187 1824 3228 sent.
1850 3186 1889 3218 (5
1913 3199 1945 3223 re
1966 3190 2063 3228 judic.
