2451 3470
733 80 1714 148 OPUSCULA-.
2021 121 2334 187 ‚155

158 137 246 207 θεὸς
273 156 338 202 ῐῃὶ
370 155 478 202 sectae
509 154 686 199 addietos
717 152 894 210 imperio
928 153 993 196 suo
1016 154 1202 218 subegit.
1253 168 1293 201 te
1326 158 1455 216 fugit,
1491 165 1702 212 Christum
1735 171 1872 222 Jesum
1895 178 2197 231 praejicationes
2212 206 2303 234 om·

162 220 222 262 Et
268 216 366 260 dum
413 214 576 270 quisque
611 212 849 267 Principum
881 223 1071 254 externos
1103 225 1205 256 ritus
1254 230 1330 280 nes¹
1358 219 1441 262 suas
1474 221 1552 266 hue
1587 226 1762 271 retulisse
1787 262 1800 283 ,
1834 245 1878 274 ut
1914 234 2064 282 seilicet
2098 244 2217 290 fidem
2257 250 2298 292 ἃς

164 276 210 323 δι
239 273 394 317 alienas
424 271 626 314 dofirinas
657 286 678 312 a
712 270 786 312 suis
816 269 966 310 finibus
986 282 1204 331 arcet‚ac-
1251 286 1463 320 caritatem
1506 281 1618 324 inter
1651 284 1841 330 homines
1874 289 2067 338 stabiliret
2100 330 2108 340 .
2153 306 2212 345 At
2244 321 2292 349 ei<

167 331 395 376 cenduntur
426 329 557 371 animi
584 327 743 370 suorum
759 324 1080 378 adversusaiios‚
1113 339 1201 389 tan·
1251 344 1333 373 uno
1373 333 1415 376 ὃς
1447 335 1576 380 altero
1608 341 1762 386 Christi
1794 345 2086 402 discipulorum
2115 386 2127 408 ‚
2176 360 2292 412 ipsine

195 403 289 431 uam
322 385 485 430 infestos
516 384 752 427 animarum
787 381 899 424 saluti
934 412 946 433 ,
990 394 1111 445 atque
1143 397 1202 428 ita
1249 388 1478 436 eruditione
1527 395 1750 453 insignium
1799 415 1919 459 atque
1963 408 2111 461 pietate
2138 443 2150 465 ,
2201 432 2293 461 cum

163 404 356 500 {lh-inceps
389 443 641 486 securitatem
674 440 743 482 sibi
774 439 824 480 ab
854 437 1005 481 insidiis
1028 439 1196 504 &igiva-
1249 459 1362 489 aures
1403 450 1450 492 ad
1495 455 1615 497 verba
1647 457 2115 520 colloquentium-inter
2147 469 2181 513 se
2214 472 2295 516 for-

160 501 338 545 fionibus
369 500 533 544 alterius
566 510 706 553 parat,
737 496 777 538 δι
814 495 1198 557 suachumdivina
1250 511 1286 544 te
1321 507 1532 559 quondam
1573 513 1825 560 adverterem
1853 550 1864 571 ,
1907 523 2043 577 accepi
2072 556 2084 577 ‚
2130 528 2292 574 nullum

156 558 276 601 causa
317 558 604 612 conjungendo
649 552 844 608 populum
879 551 946 594 sibi
979 551 1197 618 subieRu-rn
1249 565 1400 612 pondus
1445 564 1589 610 habere
1640 572 1760 616 fidem
1795 590 1816 616 a
1849 577 2245 629 caritate‘divulsam
2277 622 2286 630 .

159 614 442 669 inexplicabili
493 628 601 655 nexu
641 611 686 654 &
728 610 922 671 exterius·
955 610 1197 654 obedientiae
1239 616 1355 671 ‘Quid
1401 636 1423 662 a
1469 623 1685 671 virtutibus
1730 629 1901 680 semeia
1945 636 2129 682 doctrina
2160 643 2288 686 Chi-i-

158 671 335 715 vinculis
366 668 735 723 obstringitfldeo
767 681 861 708 vero
885 665 1196 732 dissensio-nes&
1247 672 1288 716 sti
1312 679 1338 713 i>
1379 678 1471 720 Hoc
1513 681 1567 724 est
1610 684 1840 739 supremum
1883 706 1984 746 opus
2015 694 2245 743 divinitatis
2271 733 2285 753 ‚

156 729 359 772 discordjae
391 728 432 770 in
467 737 706 780 perpetuum
738 723 905 765 aluntur
932 753 944 774 ‚
989 735 1032 764 ut
1065 739 1096 765 is
1125 741 1193 780 qui
1246 727 1327 773 haec
1358 732 1411 774 est
1446 735 1600 781 summa
1636 740 1732 796 legis
1763 746 1912 789 divinae
1945 749 2047 793 ratio
2078 784 2091 806 ,
2140 768 2185 798 ut
2218 773 2285 809 per

155 798 298 828 κασᾶς
327 816 339 835 ‚
381 781 578 837 populum
623 780 735 820 suurn
788 779 837 839 ab
869 778 958 841 aliie
991 779 1192 842 secernat,
1245 787 1394 830 rectam
1435 792 1556 838 fidem
1597 797 1641 839 ὃς
1682 799 1849 844 sinceras
1881 806 2106 873 coelestiu‘m
2142 813 2284 856 notio-

153 820 238 884 noon
282 839 404 881 modo
446 851 609 879 morum
640 835 681 877 ὅ(
716 835 885 893 vestium
920 835 1148 899 diverlitate
1180 868 1191 890 ,
1245 858 1312 885 nes
1337 875 1348 897 ,
1393 849 1653 896 traducantur
1698 855 1889 903 homines
1930 863 1977 904 ad
2009 880 2166 918 apicem
2193 871 2282 913 cul-

152 898 213 940 sed
262 895 367 951 quod
409 885 553 936 omnes
599 891 823 934 concordiae
856 891 980 952 nodos
1013 894 1189 946 incidit,
1244 907 1417 958 merique
1461 907 1628 952 virtutis
1653 942 1665 964 ,
1707 929 1752 957 ac
1796 917 1837 956 in
1886 919 2114 972 peStJribus
2162 929 2280 971 ardor

150 953 350 1008 religione
381 951 430 995 ὃς
455 950 603 1000 cultu3
651 962 772 1002 atque
805 947 859 989 ita
892 947 1113 1011 diremtum
1147 949 1191 991 fit
1240 958 1418 1002 caritatis
1469 965 1672 1010 excitetur
1712 1002 1723 1024 ‚
1772 974 1878 1026 quod
1934 992 2115 1033 correpta
2162 999 2277 1029 mens

145 1008 443 1053 commercium
479 1008 586 1049 inter
618 1004 787 1058 populos
817 1004 978 1066 diversis
995 1005 1185 1057 subieclos
1241 1014 1418 1068 rapiatur
1457 1021 1504 1062 ad
1548 1025 1686 1068 Deum
1711 1059 1722 1080 ,
1765 1029 1807 1071 ὃς
1838 1030 1882 1073 ad
1916 1047 2100 1079 amorem
2135 1038 2277 1084 homi-

147 1065 366 1122 Imperiis.
398 1061 667 1116 Cumigitur
699 1061 741 1103 in
766 1061 1046 1105 Christianam
1067 1063 1185 1105 fidem
1238 1085 1336 1114 num
1380 1076 1523 1121 eodem
1567 1081 1694 1125 studio
1719 1115 1731 1136 ,
1771 1102 1851 1140 quo
1899 1090 2064 1146 quisque
2098 1096 2272 1148 inclinat

147 1123 218 1165 has
251 1123 438 1164 flammas
471 1117 681 1163 intulerim
708 1148 719 1171 ,
764 1132 888 1172 cogor
918 1133 1009 1161 eam
1043 1121 1185 1163 assidue
1237 1126 1278 1169 iri
1309 1144 1492 1177 amorem
1524 1136 1566 1178 &
1599 1139 1932 1188 benevolentiam
1956 1147 2010 1190 sui
2037 1180 2049 1201 ‚
2080 1154 2272 1198 eandem-

143 1179 282 1235 aliquo
314 1191 438 1221 vento
466 1208 478 1229 ‚
524 1174 587 1219 vel
632 1189 747 1230 novae
779 1173 847 1217 vel
881 1189 1083 1218 renovatae
1114 1177 1178 1219 do-

991 1232 997 1239 ·
1154 1234 1159 1240 ¹
1235 1200 1310 1239 que
1341 1203 1487 1243 opem,
1518 1208 1642 1248 quam
1675 1196 1744 1238 fibi
1777 1198 1868 1242 aliis
1901 1204 2052 1256 praestet
2078 1238 2090 1259 ,
2121 1224 2193 1253 aut
2225 1212 2273 1255 ad

141 1236 282 1279 &240ae
326 1235 489 1290 perflare
521 1264 543 1286 ,.
576 1247 626 1274 ne
659 1245 843 1287 unquam
875 1246 924 1274 ex
959 1232 1020 1275 his
1053 1248 1175 1288 vepri-
1236 1241 1391 1287 malum
1427 1249 1740 1304 propulsandum
1768 1286 1779 1307 ,
1812 1270 1881 1299 aut
1912 1260 1959 1301 ad
1994 1264 2147 1308 bonum
2179 1269 2276 1311 affe-

1233 1300 1438 1353 quendum
1464 1321 1473 1345 ε
1520 1308 1620 1351 Haec
1664 1324 1811 1364 nempe
1843 1314 1954 1358 radix
1985 1318 2038 1360 est
2070 1323 2270 1368 virtutum

1233 1357 1464 1411 omnium}
1500 1361 1584 1406 hee
1619 1364 1773 1409 summa
1809 1368 1870 1412 lex
1904 1387 2036 1417 rerum
2072 1378 2170 1421 bene
2203 1397 2271 1435 ge-

1232 1414 1446 1472 rendarum
1468 1448 1479 1470 ,
1509 1419 1581 1463 hic
1612 1421 1703 1464 fons
1732 1424 1785 1466 est
1816 1429 2006 1475 omnium
2040 1432 2269 1480 benefacto-

1233 1485 1321 1513 rum
1356 1474 1606 1520 uberrimus.
1637 1480 1749 1523 Cum
1783 1481 1867 1526 haec
1897 1486 1952 1528 est
1983 1487 2181 1544 insculpta
2196 1509 2265 1548 pe-

1227 1526 1430 1583 Qubus,
1463 1548 1600 1576 veram
1633 1538 1788 1581 excitat
1821 1541 2072 1588 honestatem
2103 1547 2148 1591 δ(
2181 1551 2265 1593 vir-

1229 1596 1332 1628 tutes
1362 1602 1546 1642 procreat
1572 1593 1801 1638 universas.
1835 1600 2264 1652 Hancadurnbrarunt

1225 1642 1388 1696 quidem
1420 1645 1639 1701 aliquando
1673 1651 1936 1710 Philosophi,
1970 1672 2182 1716 nunquam
2204 1677 2263 1708 ta-

1227 1715 1318 1742 men
1350 1703 1652 1757 expresserunt.
1684 1709 1880 1754 Christus·
1901 1718 2174 1763 tantum-‚hoc
2196 1721 2258 1765 lu-

1225 1771 1319 1799 men
1361 1761 1511 1804 extulit
1552 1763 1747 1808 vitiorum
1790 1769 1982 1814 omnium
2016 1775 2121 1818 nube
2153 1776 2258 1822 diffi-

1224 1825 1337 1866 pata.
1370 1818 1464 1860 Hoc
1495 1819 1663 1865 vinculo
1694 1824 1917 1868 construxit
1949 1827 2028 1882 ipse
2062 1831 2258 1889 virtutes,

1219 1870 1258 1913 &
1291 1887 1484 1928 perpetuo
1517 1878 1623 1921 nexu
1657 1891 1741 1924 tam
1775 1881 1874 1926 bene
1906 1884 2121 1943 colligavit
2153 1922 2165 1944 ‚
2212 1905 2258 1937 ut

1215 1942 1263 1969 eo
1297 1929 1360 1972 vel
1396 1930 1550 1987 soluto,
1585 1934 1648 1978 vel
1673 1935 2134 1993 aliquantulumlaxato
2155 1964 2254 1992 con-

1216 1986 1330 2028 tinuo
1361 1987 1549 2032 diffluant
1578 2008 1748 2036 omnes.
1784 1998 1878 2039 Huc
1892 1998 2001 2043 suam
2023 2002 2252 2056 do&rinam

1214 2042 1397 2086 Christus
1427 2047 1604 2090 contulit
1623 2081 1635 2101 ‚
1663 2050 1705 2093 δε
1738 2053 1880 2096 cunch
1901 2071 2095 2112 praecepta
2119 2092 2131 2113 ‚
2162 2078 2270 2118 quae·

1215 2097 1237 2138 si
1285 2100 1384 2143 bene
1431 2102 1718 2158 introspexeris
1748 2109 1796 2151 ad
1827 2126 2011 2157 amorem
2047 2117 2161 2171 Dei,
2202 2121 2248 2165 &

1204 2154 1470 2202 .dile5'tionem
1525 2161 1694 2205 fratrum
1750 2167 2008 2213 excitandam
2060 2173 2250 2222 videntur

1209 2213 1397 2257 intenta·
1432 2217 1593 2262 Totum
1623 2220 1738 2264 enim
1769 2224 2047 2280 Evangelium
2081 2229 2121 2273 in
2159 2233 2249 2280 haee.

1207 2268 1287 2313 fere
1327 2271 1463 2327 capita
1506 2275 1810 2332 distinguitur:
1865 2295 1933 2325 aut
1981 2286 2096 2330 enirn
2139 2289 2244 2334 divi·

1205 2341 1300 2370 nam
1334 2342 1521 2375 naturam
1549 2365 1561 2386 ‚
1593 2335 1787 2378 virtutem
1817 2369 1826 2387 ,
1859 2338 1902 2382 &
1933 2340 2108 2396 gloriam
2143 2362 2242 2399 pan-

1201 2384 1287 2438 dit,
1318 2387 1454 2441 qualia
1486 2389 1574 2432 sunt
1603 2407 1748 2435 arcana
1780 2395 2003 2441 Trinitatis
2031 2431 2044 2453 ‚
2092 2402 2136 2446 ἃ
2169 2405 2244 2449 In-

1201 2443 1446 2487 carnationis
1496 2447 1662 2502 Verbi3
1704 2463 1776 2493 aut
1808 2452 2118 2502 malefae‘corum
2151 2476 2239 2516 poe-

1201 2513 1295 2541 nam
1324 2531 1336 2551 ,
1397 2501 1599 2547 bonorum
1649 2518 1787 2550 autem
1839 2526 2009 2565 operum
2071 2520 2237 2571 praemia

1200 2556 1408 2607 promittit
1434 2590 1448 2612 ,
1479 2560 1615 2617 qualia
1657 2562 1747 2606 sunt
1775 2580 1822 2609 ea
1847 2598 1860 2621 ‚
1904 2584 1991 2625 quae
2018 2570 2068 2615 de
2098 2573 2236 2621 futuro

1196 2610 1345 2663 judicio
1369 2646 1382 2668 ,
1423 2616 1471 2660 de
1524 2617 1811 2666 resurrectione
1842 2640 2104 2674 mortuorum
2130 2663 2142 2686 ,
2189 2633 2234 2678 &

1198 2670 1397 2723 postremo
1445 2675 1622 2720 adventu
1663 2677 1814 2723 Christi·
1866 2683 2118 2743 traduntur3
2161 2702 2232 2734 aut

1195 2726 1400 2780 rationem'
1464 2732 1557 2777 vitae
1618 2734 1724 2779 reete
1775 2735 2028 2786 instituendae
2083 2761 2232 2804 propo-

1193 2784 1257 2827 nit
1283 2817 1295 2839 ,
1338 2786 1475 2842 qualia
1517 2789 1608 2834 sunt
1637 2806 1685 2836 ea
1712 2822 1725 2844 ‚
1764 2810 1852 2851 quae
1883 2797 1931 2842 de
1961 2816 2103 2846 amore
2134 2819 2230 2860 erga

1191 2843 1330 2886 Deum
1396 2845 1440 2888 &
1500 2861 1643 2892 mutua
1699 2849 1920 2899 hominum
1982 2858 2229 2904 benevolen-

1190 2899 1245 2942 tia
1301 2901 1591 2959 praecipiuntur
1617 2938 1626 2948 .
1670 2908 1773 2961 Quae
1813 2909 1861 2955 de
1911 2925 2055 2958 natura
2084 2917 2227 2962 divina

1188 2956 1452 3014 produntur,
1495 2977 1541 3005 ea
1583 2975 1706 3016 caput
1748 2965 1793 3009 δε
1838 2968 2008 3015 initium
2043 2972 2133 3017 sunt
2163 2990 2226 3018 re-

1185 3012 1390 3068 Hegionis,
1444 3018 1588 3074 quibus
1639 3020 1864 3068 Christiani
1923 3043 1947 3071 a
1988 3029 2134 3081 Iudaeis
2179 3032 2222 3074 δε

1181 3069 1417 3115 Gentilibus
1471 3075 1733 3122 secernuntur
1765 3110 1777 3134 ‚
1840 3081 1885 3126 &
1936 3100 2033 3132 cum
2083 3087 2220 3131 fideles

1709 3137 1753 3180 X
1814 3152 1838 3180 2
2122 3159 2222 3188 con-

149 1293 220 1335 bus
310 1307 398 1348 quae
444 1290 522 1333 Dei
564 1288 731 1332 verbum
775 1287 967 1332 irretiunt
1007 1289 1179 1353 &.0l³fi‘

141 1324 286 1401 dent’,
347 1347 547 1401 scripturae
589 1345 738 1400 puritas
778 1356 900 1400 atque
949 1345 1181 1401 simplicitas

139 1406 304 1448 evadat.
336 1405 459 1446 CAS.
492 1404 582 1458 Ego
615 1417 737 1454 vero,
769 1416 860 1444 mea
882 1400 1016 1455 soror,
1048 1404 1179 1446 multo

140 1459 386 1516 expeditiori
421 1460 489 1502 via
520 1458 720 1514 perveni,
751 1474 830 1514 quo
862 1471 911 1515 tu
939 1475 1007 1514 per
1038 1460 1177 1525 strages

137 1517 181 1561 <Sc
234 1532 348 1560 arma
389 1516 601 1560 contendis
643 1547 652 1558 .
697 1517 839 1570 quue
888 1530 976 1579 rem
1019 1515 1177 1580 felicius

139 1575 264 1630 geffi,
295 1573 401 1629 quod
434 1572 507 1616 tibi
543 1587 752 1628 nunquam
786 1583 994 1636 contingit
1017 1588 1157 1617 immit

133 1643 217 1674 tere
248 1631 390 1685 pedem
422 1629 467 1674 in
500 1629 679 1673 Ecclefia
710 1628 942 1694 catholica,
972 1645 1066 1673 cum
1100 1648 1173 1688 ego

133 1687 180 1731 in
225 1687 300 1731 hac
324 1686 592 1742 'potissimum
625 1685 855 1748 pestiferum
890 1702 999 1730 virus
1028 1688 1173 1753 effude-

133 1744 213 1788 rim
242 1775 253 1787 .
295 1743 495 1799 Quodque
539 1743 687 1786 mirere
730 1757 858 1798 magis
884 1774 896 1795 ,
942 1745 1171 1808 Evangelio

129 1801 287 1845 cladem
331 1800 452 1844 intuli
498 1800 578 1844 sine
611 1799 718 1843 bello
748 1831 761 1853 ‚
808 1814 953 1865 necem
986 1800 1067 1864 sine
1101 1819 1169 1856 vi,

131 1873 207 1901 nec
239 1859 420 1914 strepitus
453 1856 557 1901 ullos
588 1871 656 1901 aut
689 1857 824 1899 turbas
854 1870 1076 1921 excitavi·,
1110 1860 1166 1903 sed

131 1930 203 1971 per
235 1931 375 1970 pacem
407 1915 451 1957 δε
483 1914 637 1966 foedus,
670 1914 755 1956 imo
790 1929 857 1968 per
889 1914 1058 1976 speciem
1081 1917 1163 1960 cul·

129 1984 191 2014 tus
242 1972 286 2014 &
326 1971 506 2025 obsequii
553 1972 630 2014 vici
676 1971 863 2035 divinum
909 1973 1078 2016 verbum
1123 1975 1164 2017 8<

124 2028 275 2071 obtrivi
305 2059 317 2081 ‚
368 2027 577 2084 pluresque
622 2028 780 2070 animas
824 2043 866 2092 in
907 2044 1052 2072 orcum
1096 2031 1142 2074 de

123 2085 227 2128 duco
278 2084 470 2127 tradendo
523 2084 676 2140 regulas
727 2086 923 2139 pietatm,
967 2102 1090 2141 quain
1118 2101 1159 2131 tu

122 2141 243 2185 fidem
276 2141 319 2184 &
351 2141 591 2195 religionem
626 2142 838 2184 lacerando
870 2173 880 2184 .
912 2143 981 2186 Tu
1015 2159 1159 2200 nempe

119 2199 312 2241 arietibus
341 2199 515 2241 admotis
546 2200 588 2241 ἂ.
621 2199 749 2242 vineis
781 2210 917 2255 aperte
947 2199 990 2242 δε
1024 2201 1155 2266 palam

120 2255 198 2298 Dei
231 2255 456 2298 doSlrinam
492 2255 691 2307 inundas,
725 2256 828 2298 uncle
862 2256 995 2299 fideles
1025 2268 1156 2323 adri-

118 2326 188 2356 xas
218 2312 262 2355 ἃ
293 2311 429 2367 praelia
461 2312 742 2355 concitantur.
776 2313 865 2366 Ego
892 2327 1033 2356 contra
1048 2316 1152 2359 nihil

121 2368 268 2412 horum
315 2385 462 2412 moveo
488 2400 500 2422 ,
544 2369 608 2411 suo
640 2384 804 2424 quaeque
836 2369 932 2412 stare
965 2370 1054 2414 loco
1085 2388 1152 2428 pa·

116 2424 198 2468 tior
218 2456 230 2477 ,
262 2424 352 2468 fidei
389 2427 500 2469 suum
533 2425 591 2477 jus
623 2425 829 2482 integrum
864 2427 1010 2491 servo:
1063 2442 1148 2473 tan-

115 2494 205 2524 tum
250 2482 450 2526 cuniculis
494 2483 728 2538 quibusdam
761 2482 931 2527 occultis
963 2484 1151 2532 subtraho

113 2537 381 2582 fundamenta
425 2539 559 2583 salutis
577 2571 596 2593 ν,
639 2541 683 2584 ἃ
728 2556 932 2585 venenum
976 2543 1150 2608 latenter

111 2593 154 2638 in
188 2593 375 2638 Ecclesiae
407 2612 550 2651 corpus
584 2596 802 2652 immitto,
832 2614 912 2654 quo
937 2599 1147 2657 sanguis&

109 2653 295 2694 membra
327 2653 555 2705 putrescant
575 2685 586 2698 .
618 2656 768 2699 HAER.
804 2658 859 2698 At
879 2672 1058 2719 quonam
1081 2676 1148 2722 pa-

107 2707 174 2752 &o
207 2708 246 2751 id
278 2708 515 2764 assequeris,
546 2727 639 2754 mea
672 2713 805 2756 soror?
841 2715 997 2758 Miram
1029 2732 1145 2766 enim

44 2767 48 2771 ’
109 2780 196 2808 rem
245 2779 382 2808 narras
410 2797 423 2820 ‚
475 2766 638 2821 potuisl'e
671 2781 709 2813 te
741 2769 881 2814 fallere
912 2771 1052 2817 oculos
1084 2786 1145 2818 tot

106 2820 775 2877 hominurn.vigi1antiffimorum
805 2858 818 2880 ‚
858 2844 906 2873 ac
949 2830 997 2873 iis
1028 2831 1141 2887 igna-

106 2878 160 2921 ris
208 2894 283 2921 nec
315 2880 618 2933 providentibus
649 2882 869 2938 quidquam
902 2897 1059 2932 tantam
1084 2890 1142 2933 la-

103 2950 191 2978 rem
222 2935 489 2992 adspergere.
537 2939 804 2982 CASUIST.
836 2942 928 2992 Jam
959 2948 1138 2999 aperiam

103 2992 180 3035 tibi
213 2993 416 3037 rationem
446 2994 618 3039 instituti
652 2995 802 3049 nostri,
835 3013 886 3062 aq
912 3000 1137 3058 ostendam,

100 3063 178 3106 qua
209 3063 441 3106 pervertam
472 3064 557 3097 arte
590 3051 758 3098 salutern
773 3052 1134 3105 hominum.N0n
