2451 3470
169 96 272 146 113
644 101 690 173 J.
769 100 837 153 V.

159 167 373 227 indulget,
394 169 588 216 maxime
601 174 775 217 detrahit
789 172 949 228 menti,
982 173 1086 217 unde
1103 174 1191 217 fons

154 231 334 282 erumpit
369 230 558 273 humanae
580 233 673 275 vitae
690 263 701 284 ,
733 247 820 287 quae
841 233 882 274 in
905 232 1123 286 cogitando
1145 250 1190 276 ac

158 286 419 341 percipiendo
453 290 632 333 versatur
652 289 756 332 wita
788 300 833 330 ut
863 293 1028 331 morbus
1048 291 1188 332 animo

161 356 408 403 conceptus,
443 346 483 387 in
505 344 771 398 affeffiiones,
801 344 1039 398 facultates,
1069 347 1189 389 aflio.

158 401 306 457 nesque
337 403 519 445 hominis
555 414 736 458 penetret
769 402 998 446 universas.
1033 403 1189 449 Iterum

158 458 273 503 Plato
287 476 477 515 corporea
500 474 640 502 natura
658 460 831 514 priorem
848 473 966 516 atque
981 460 1186 516 antiquio-

155 531 241 559 rem
274 518 442 560 ostendit
477 531 663 560 naturam
696 515 770 559 effe
802 518 1044 561 animorum
1085 549 1098 572 ‚
1141 518 1190 560 ab

154 587 279 628 eaque
312 591 445 618 mutus
478 576 588 618 ducit
622 574 819 626 initium,
850 589 1021 618 omnem
1051 588 1186 629 praete-

154 648 218 675 rea
235 633 503 691 corruptionis
517 632 673 674 causam
689 629 805 673 illinc
817 631 1036 674 excludens
1051 663 1063 685 ,
1077 645 1189 676 aeter-

154 694 330 736 nitatem
373 691 501 734 asserit
545 689 678 731 illius·
711 688 834 732 Unde
850 688 1038 744 colligit,
1073 705 1187 733 men-

152 766 237 796 tem
260 751 497 807 primxvam
516 779 526 799 ,
558 748 600 788 ἀ
623 745 832 789 infinitam
850 779 862 800 ,
896 762 984 802 qua:
1004 760 1188 803 ternpore

154 810 315 852 infinito
349 806 460 849 rebus
493 817 638 851 creatis
655 803 849 846 omnibus
868 803 1075 857 anteivit,
1108 804 1186 848 im·

153 880 308 911 motam
344 864 467 918 ipsam
495 893 507 914 ‚
539 860 680 908 omnia
716 860 881 904 movisse
904 893 916 914 ‚
947 877 993 909 ac
1026 877 1190 910 movere

152 937 381 981 perpetuo;
427 937 469 963 ut
515 918 609 963 inde
654 919 823 966 initium
864 918 907 960 &
941 918 1192 974 progressus,

150 981 359 1039 generatio
391 979 432 1026 ἃ,
455 977 645 1020 interitus
671 992 804 1018 rerum
825 975 1090 1019 devolvatur.
1123 978 1189 1019 Ex

153 1041 296 1097 quibus
328 1052 411 1079 non
447 1035 566 1078 modo
598 1034 742 1076 erroris
785 1032 1095 1077 convincuntur
1128 1034 1187 1087 ii,

152 1098 220 1155 qui
254 1108 441 1140 naturam
474 1092 661 1135 dit-'mam
697 1090 877 1133 funditus
915 1090 1098 1144 tollunt3
1133 1091 1191 1134 sed

150 1171 293 1202 eorum
325 1154 482 1205 ctiam,
518 1150 583 1205 gii
618 1151 756 1190 Deum
790 1148 953 1202 quidem
987 1148 1190 1201 assei-unq

152 1229 296 1260 verum
340 1228 361 1255 a
406 1225 499 1253 cura
547 1208 589 1249 dc
624 1205 916 1259 >gubernatione
950 1221 1084 1249 rerum
1117 1204 1190 1256 eji-

153 1276 291 1317 ciunt.
324 1268 409 1311 Ubi
437 1266 547 1309 enim
591 1264 890 1316 Plato‘docuit,
923 1276 1108 1306 mentem
1130 1263 1192 1305 in-

153 1332 314 1375 finitam
373 1326 446 1369 eiie
491 1337 656 1376 corpore
702 1320 975 1376 antiquiorem
1004 1352 1015 1374 ,
1071 1319 1190 1364 facile

157 1386 399 1440 comprobat
426 1415 438 1436 ,
484 1381 695 1423 facultates
739 1395 783 1421 ac
819 1379 988 1422 virtutes
1020 1377 1192 1420 infinitae

153 1446 331 1494 mentis,
364 1456 449 1497 quae
483 1441 524 1482 in
560 1437 806 1492 providendo
828 1436 1082 1491 regendoque
1102 1450 1188 1478 ver-

157 1503 395 1552 versantur,
426 1495 569 1553 praeissc
607 1494 840 1548 corporibus
872 1505 1033 1535 motum
1059 1509 1080 1534 a
1101 1494 1192 1535 Deo

159 1558 278 1604 semel
329 1567 542 1609 acceptum
576 1566 770 1607 perpetuo
805 1549 1060 1593 trahentibus
1088 1566 1096 1590 :
1142 1559 1220 1596 eim

156 1634 237 1674 quo
271 1627 385 1657 motu
419 1629 439 1654 a
474 1611 682 1653 voluntate
715 1608 854 1650 divina
887 1606 999 1649 rebus
1026 1600 1221 1661 impres-l

158 1680 226 1727 so,
263 1671 433 1716 varietas
467 1678 628 1719 rerum,
661 1667 702 1708 ἃ
734 1666 854 1708 slatus
885 1679 1026 1707 earum
1060 1664 1187 1707 exori·
1215 1657 1223 1732 ξ

158 1745 252 1774 tur:
287 1729 390 1772 unde
424 1726 568 1773 seclusa
591 1723 836 1776 divinitate,
867 1737 956 1777 quae
979 1721 1113 1764 lucem
1134 1736 1188 1764 re·
1216 1733 1222 1757 ³

158 1790 229 1832 bus
260 1787 302 1830 ὅτ.
334 1785 462 1827 vitam
495 1782 755 1836 continenter
788 1778 929 1823 tribuit
955 1810 968 1832 ‚
1015 1794 1119 1822 caeca
1150 1759 1222 1820 &l

156 1859 318 1889 mortua
350 1841 472 1885 essent
492 1838 681 1882 universa
698 1869 707 1879 .
739 1837 925 1879 Ostendit
946 1848 1083 1879 autem
1103 1850 1194 1878 om-
1216 1809 1223 1874 l

153 1904 226 1946 nia
258 1915 423 1955 corpora
450 1930 460 1951 ,
493 1897 536 1940 ὃς
568 1907 654 1952 quae
687 1911 708 1938 a
743 1910 906 1949 corpore
941 1893 1192 1949 procedunt,

158 1961 302 2003 suimet
336 1956 521 1999 interitus
554 1954 659 1996 intra
693 1952 726 1995 se
758 1952 918 1994 causam
955 1949 1194 2003 continere3

156 2030 198 2061 at
230 2016 417 2059 animum
452 2012 579 2055 solum
607 2043 618 2064 ‚
653 2021 796 2064 utpote
827 2008 1058 2064 imaginem
1091 2006 1195 2049 divi-

159 2074 328 2125 nitatis,
359 2069 429 2127 qui
463 2069 594 2111 vitam
625 2065 813 2110 involuto
846 2065 915 2109 sibi
944 2064 1103 2120 corpori
1123 2063 1193 2106 tri-

159 2131 274 2184 buit,
307 2127 518 2171 excludere
551 2142 573 2168 a
597 2126 639 2168 se
671 2138 796 2167 omne
830 2123 972 2166 mortis
997 2121 1195 2174 initium,

160 2189 329 2242 ideoque
363 2185 491 2227 solum
524 2182 713 2226 animum
744 2213 757 2235 ,
790 2179 1049 2235 pereuntibus
1081 2179 1196 2221 rebus

162 2246 306 2288 creatis
339 2242 480 2285 ceteris
507 2272 518 2291 ‚
562 2252 712 2282 aeterno
745 2250 929 2292 tempore
963 2235 1196 2291 permansu-

156 2317 276 2345 rum.
312 2301 469 2342 Verum
503 2296 685 2340 Platonis
716 2310 810 2338 cum
853 2293 1048 2349 religione
1065 2292 1197 2336 nostra

157 2356 398 2402 consensum
432 2370 516 2398 non
546 2355 599 2397 est
632 2351 812 2396 nostrum
837 2351 1070 2406 explicare:
1102 2364 1226 2392 cumi

160 2416 201 2460 id
253 2413 410 2457 abunde
439 2444 450 2466 ,
510 2427 556 2454 ac
609 2411 732 2467 longe
787 2409 948 2464 dignius
997 2406 1199 2470 praestetur

149 2489 183 2516 -a
237 2471 440 2515 vereribus
497 2468 676 2512 Patribus
711 2498 723 2520 ,
781 2466 831 2508 ab
886 2465 996 2509 illius
1047 2463 1197 2508 doctri-

91 2571 105 2579 *
160 2545 214 2572 na
259 2527 555 2573 venientibus:
599 2539 724 2582 quarn
766 2522 957 2566 doetrinae
998 2520 1198 2565 Christia-

161 2602 226 2629 nae
292 2600 371 2641 prae
424 2582 566 2627 ceteris
614 2579 849 2624 interseruit
906 2580 1156 2636 Augustinus
1186 2595 1200 2632 ς

161 2644 259 2687 adeo
313 2655 356 2686 ut
400 2640 614 2684 Platonem
659 2653 742 2681 non
788 2650 951 2683 tanturn
994 2651 1067 2691 pro
1112 2651 1200 2680 ma-

161 2701 281 2756 gistro
330 2697 672 2753 Philosophorum
704 2726 715 2747 ,
765 2694 825 2737 sed
867 2693 991 2736 etiam
1040 2709 1108 2746 pro
1142 2693 1197 2736 di-

162 2755 312 2813 scipulo
374 2755 561 2798 videatur
621 2749 797 2795 habuisse
859 2749 1152 2804 Prophetarum
1188 2782 1200 2803 ‚

160 2829 286 2871 quem
335 2812 492 2856 sensum
538 2808 672 2853 schola
715 2805 1045 2850 Christianorum
1076 2806 1200 2861 usque

160 2870 211 2913 ad
240 2869 493 2914 Bernardurn
524 2868 590 2910 SS.
623 2866 790 2909 Patrum
822 2863 1020 2906 ultimum
1054 2878 1133 2916 prae
1166 2862 1200 2905 se

164 2927 480 2971 constantissime
530 2923 656 2966 tulit.
712 2920 830 2964 Unde
875 2935 958 2962 non
1003 2919 1202 2974 mirum·³

162 2984 191 3028 fi
242 2983 460 3027 scholastici
507 2982 731 3031 nostrates,
777 2977 966 3021 omnium
1001 2975 1202 3021 Historia-

162 3057 256 3084 rum
290 3040 420 3096 ignari
449 3071 462 3093 ‚
508 3036 797 3092 antiquitatem
830 3032 1117 3078 Ecclesiasticae
1147 3031 1202 3076 di.

164 3097 363 3155 {ciplinae3
397 3111 479 3141 non
514 3108 700 3150 tempore
731 3122 744 3146 ,
792 3091 853 3136 sed
885 3089 1086 3135 memoria
1117 3105 1201 3134 me·
1256 3090 1469 3134 Platonem
1495 3120 1504 3131 .

959 96 1800 161 GRA'VINAE

1243 179 1387 222 tientes
1408 210 1420 231 ,
1452 179 1494 221 δε
1527 178 1762 238 cognitione
1796 181 1888 236 sua,
1922 197 2004 226 non
2038 182 2140 226 ultra
2179 198 2278 243 qua·

1243 251 1332 278 tuor
1365 251 1553 290 proxima
1586 237 1696 291 regni
1730 238 1979 290 Aristotelici
2006 241 2133 287 secula
2167 253 2278 284 trau·

1244 294 1380 337 seunte
1411 323 1426 346 ,
1474 293 1579 338 haud
1622 295 1863 341 erubescunt
1908 297 2094 352 ignorare
2141 296 2279 341 Plato·

1243 365 1336 392 nem
1368 381 1382 403 ,
1431 365 1478 393 ac
1521 350 1702 406 magistri
1749 351 1839 396 loco
1885 352 2072 406 subjicere
2104 353 2276 407 discipu·

1243 407 1358 450 lum:
1392 408 1459 461 qui
1494 423 1578 450 non
1612 409 1734 452 modo
1767 410 2047 465 praeceptoris,
2079 411 2184 454 unde
2204 411 2266 453 ab.

1242 463 1349 507 stulit
1392 464 1586 520 quidquid
1620 466 1753 509 haben
1771 466 1868 512 boni
1893 497 1906 518 ‚
1954 467 1997 510 &
2029 467 2134 510 unde
2164 482 2278 511 nun-

1241 537 1362 576 quam
1396 522 1475 564 sine
1508 521 1626 565 famae
1658 522 1730 565 suae
1761 539 1806 566 ac
1833 521 2182 575 veritatisjattura
2217 523 2278 567 di-

1241 579 1385 631 scedit3
1421 579 1481 621 sed
1510 579 1552 621 δε
1583 580 1775 622 omnium
1809 592 1904 625 ante
1937 580 1972 624 se
2008 579 2281 635 Philosopho-

1241 652 1329 679 rum
1362 636 1590 683 dORrinam
1625 646 1695 694 per
1724 637 1997 683 ambitionem
2027 637 2071 688 δε
2096 637 2279 680 malevo-

1241 694 1409 737 lentiam
1443 693 1541 735 adeo
1574 693 1873 749 interpolavit,
1903 707 1948 738 ut
1970 726 1982 747 ‚
2016 693 2084 743 ubi
2118 693 2280 749 propria

1239 751 1327 794 luce
1359 752 1552 803 carebat,
1600 750 1763 805 posteris
1792 751 1920 795 etiarn
1953 751 2149 795 inviderit
2180 750 2280 795 alie·

1240 824 1336 850 nam
1363 823 1376 860 ;
1424 823 1639 865 rerumque
1669 808 1804 852 causas
1832 840 1845 859 ,
1886 809 1996 864 quasi
2030 823 2098 865 per
2128 807 2163 850 se
2194 821 2280 850 non

1241 866 1332 909 satis
1364 865 1530 921 ignotas
1546 898 1559 920 ,
1581 865 1768 909 *obruerit
1794 865 2038 909 obscuritate
2057 864 2278 909 orationis:

1238 922 1347 973 cujus
1378 922 1552 966 artificio
1584 923 1640 966 ita
1673 922 1760 966 suos
1791 921 1943 970 deludit
1975 922 2215 977 interpretes
2237 921 2281 965 &

1237 979 1452 1037 discipulos
1485 1011 1498 1033 ,
1545 991 1633 1032 ut,
1682 979 1787 1023 unde
1832 979 1994 1023 minora
2036 979 2278 1032 discuntur,

1239 1038 1330 1081 inde
1363 1036 1508 1089 majori
1540 1036 1745 1092 sapientiae
1775 1036 1973 1097 opinione
2003 1036 2170 1089 ridicule
2202 1036 2282 1083 im-

1242 1094 1459 1150 pleantur.

1267 1152 1384 1210 (Ubi
1417 1163 1552 1194 autem
1587 1150 1677 1207 quis
1709 1150 1920 1206 generales
1951 1165 2086 1195 rerum
2120 1149 2284 1205 causas,

1236 1208 1280 1252 δε
1323 1208 1445 1253 initia
1487 1209 1610 1251 etiam
1656 1208 1921 1252 affeStionum
1968 1208 2161 1251 omnium
2197 1208 2274 1254 hu·

1239 1281 1453 1309 manarum
1485 1264 1700 1320 attigerim
1732 1267 2012 1321 detexeritque
2041 1280 2177 1308 rerum
2195 1264 2272 1310 fin-

1238 1322 1444 1380 gulariurn
1476 1322 1518 1365 δε
1550 1322 1832 1366 universarum
1867 1323 1975 1366 inter
2007 1322 2041 1366 se
2059 1337 2210 1366 nexum
2225 1336 2274 1368 ac

1241 1380 1490 1433 vinculum,
1523 1379 1736 1428 confestim
1770 1381 1931 1424 accedet
1963 1379 2011 1422 ad
2043 1379 2177 1423 causas
2209 1379 2272 1421 ci-

1240 1437 1332 1480 vilis
1376 1436 1589 1492 regiminis
1635 1437 1931 1494 progressusque
1965 1436 2165 1484 societatis
2199 1435 2275 1480 hu-

1241 1509 1372 1537 manae
1404 1511 1412 1533 :
1466 1505 1508 1536 ut
1553 1494 1767 1549 perschlis
1800 1495 1980 1537 moribus
2017 1493 2274 1546 hominum,

1240 1550 1493 1606 cognitisque
1527 1552 1640 1596 rebus
1675 1563 1764 1594 tum
1800 1551 1999 1606 publicis,
2033 1563 2119 1593 turn
2142 1550 2280 1604 priva-

1241 1609 1291 1651 tis
1308 1640 1319 1660 ‚
1349 1620 1467 1664 atque
1492 1608 1810 1661 communibus,
1845 1609 1954 1652 norit
1973 1608 2019 1651 de
2040 1607 2122 1651 illis
2144 1620 2281 1653 utram

1243 1665 1341 1709 velit
1374 1666 1416 1708 in
1451 1677 1608 1719 partem
1642 1665 1804 1708 honeste
1831 1665 2060 1721 disputare,
2091 1678 2210 1720 atque
2232 1663 2281 1706 ad

1242 1723 1498 1766 voluntatem
1534 1722 1642 1764 suam
1675 1722 1833 1766 fleff’tere
1866 1723 2027 1770 animos
2058 1721 2282 1774 hominum

1243 1780 1374 1825 verbis
1417 1779 1461 1822 δι
1504 1778 1730 1821 rationibus
1757 1811 1769 1832 ,
1819 1779 1866 1834 de
1899 1778 2045 1824 morali
2079 1778 2279 1834 civilique

1243 1833 1502 1892 Philosophia
1537 1836 1694 1890 petitis:
1729 1851 1817 1892 quae
1848 1837 1999 1879 merito
2020 1835 2156 1879 locum
2173 1833 2279 1889 apud

1243 1893 1419 1937 saniores
1469 1892 1659 1937 homines
1689 1893 1790 1939 artis
1823 1892 2058 1947 Rhetoricae
2091 1891 2280 1936 subierit.

1243 1950 1356 2006 Quid
1397 1949 1451 1993 est
1489 1949 1602 1993 enim
1643 1949 1753 1993 aliud
1796 1950 2020 1993 Rhetorica
2049 1982 2061 2004 ‚
2129 1947 2285 1993 seclusis

1243 2006 1463 2065 puerilibus
1501 2006 1586 2050 illis
1617 2008 1835 2053 verborum
1866 2007 2146 2050 struendorum
2179 2020 2282 2061 prae-

1243 2064 1369 2120 ceptis
1394 2096 1408 2118 ,
1451 2063 1523 2107 nisi
1558 2065 1665 2108 rivus
1695 2079 1912 2120 erumpens
1943 2081 1963 2108 e
1996 2063 2188 2107 facultate
2220 2061 2282 2106 ci-

1244 2122 1343 2175 vili,
1376 2137 1500 2178 quam
1532 2120 1725 2164 πολιτικήν
1757 2134 1934 2176 vocant,
1964 2121 2008 2171 ὃς
2038 2136 2087 2164 ex
2112 2119 2281 2164 scientia

1243 2194 1408 2223 morum
1471 2189 1590 2234 atque
1643 2177 1905 2222 affes’cionum
1959 2178 2234 2222 humanarum
2270 2191 2282 2219 z

1245 2238 1388 2292 quibus
1431 2236 1476 2279 de
1509 2233 1813 2289 cognitionibus
1847 2234 2033 2279 suasionis
2062 2235 2106 2278 &
2137 2233 2282 2276 dissua-

1246 2295 1364 2337 sionis
1396 2293 1500 2336 ratio
1531 2324 1544 2345 ,
1576 2291 1693 2334 simul
1726 2307 1823 2335 cum
1857 2292 2008 2348 publici
2043 2291 2276 2345 privatique

1247 2349 1464 2406 regiminis
1496 2363 1583 2392 arte
1616 2348 1824 2404 colligitur
1850 2381 1859 2391 .
1897 2351 1960 2393 Ac
1991 2363 2155 2392 morum
2190 2347 2289 2393 sane

1247 2408 1590 2462 affeffionumque
1623 2405 1901 2453 humanarum
1935 2406 2082 2449 notitia
2116 2403 2282 2459 profluit

1248 2466 1403 2509 abunde
1435 2465 1485 2507 ab
1516 2462 1747 2506 Aristotelis
1779 2462 2002 2506 Rhetorica
2024 2493 2034 2513 ,
2082 2461 2125 2503 in
2156 2475 2283 2516 quarn

1248 2522 1317 2566 ille
1349 2519 1527 2567 contulit
1559 2519 1808 2574 quidquide
1842 2519 2067 2562 Platonicis
2097 2517 2277 2572 disputa-

1217 2579 1427 2623 “tionibus
1455 2609 1466 2631 ‚
1509 2575 1589 2620 five
1615 2575 1919 2630 pronunciatis
1946 2607 1957 2629 ‚
2008 2575 2086 2618 sive
2129 2574 2286 2630 scriptis

1248 2636 1471 2691 arripuerat
1501 2663 1513 2675 .
1556 2633 1672 2674 Nam
1705 2647 1955 2689 quaecunque
1989 2632 2289 2676 rhetoricorum

1250 2694 1366 2736 libris
1403 2687 1639 2734 Aristoteles
1679 2689 1996 2743 comprehendit
2023 2722 2035 2743 ,
2078 2705 2124 2733 ea
2167 2689 2249 2736 fere
2274 2719 2287 2743 ‚

1248 2749 1392 2793 omnia
1447 2745 1609 2801 sparsim
1661 2745 1806 2788 tradita
1853 2746 1899 2790 in
1944 2747 2164 2792 Platonicis
2203 2745 2290 2788 dia-

1251 2807 1353 2861 logis
1386 2802 1663 2848 invenimus:
1697 2815 1741 2845 ut
1774 2818 1858 2846 non
1890 2804 2046 2847 mirum
2071 2833 2086 2857 ³
2116 2802 2144 2846 si
2176 2803 2254 2845 hoc
2276 2831 2290 2854 ,

1249 2873 1449 2919 quotquot
1492 2858 1729 2903 Aristoteles
1773 2861 1941 2916 reliquit
1970 2893 1982 2914 ‚
2029 2875 2199 2914 operum
2245 2857 2291 2900 sit

1251 2917 1617 2977 praestantissimum
1646 2948 1657 2969 ‚
1715 2916 1830 2960 simul
1882 2933 1976 2962 curn
2023 2917 2134 2961 libris
2181 2914 2293 2959 Poli-

1252 2977 1430 3024 ’ticorum
1458 2989 1468 3014 τ
1513 2975 1555 3016 in
1588 2973 1734 3028 quibus
1763 2975 1871 3017 nihil
1905 2976 1957 3017 est
1986 2974 2136 3018 inutile
2163 3005 2176 3026 ,
2218 2982 2290 3015 aut

1253 3033 1436 3085 salsum,
1490 3030 1563 3074 nisi
1620 3031 1726 3085 quod
1785 3031 1965 3076 revocari
2023 3044 2196 3087 nequeat
2245 3026 2292 3090 ad

1574 3088 1690 3132 Nam
1753 3086 1846 3133 libri
1903 3089 2125 3134 moralium
2156 3118 2168 3141 ,
2226 3085 2296 3128 ubl

2159 3142 2302 3187 eadem
