2451 3470
492 94 879 159 LIBER
958 91 1806 149 SINGULARIS.
2181 117 2219 173 7

81 191 177 222 cum
204 172 330 230 vulgo
354 170 668 236 scriptorum-ex
690 170 825 216 Dione
839 167 1028 226 colligit3
1060 170 1121 213 sed
1163 169 1215 224 su
1253 169 1392 225 populi
1433 166 1491 210 (9⁹
1520 167 1692 212 Senatus
1724 196 1739 220 ,
1779 167 1973 212 Senatum
2015 181 2074 215 ter
2102 171 2182 231 tegi
2207 209 2225 231 ν

81 233 263 279 militare
277 245 443 276 tantum
466 244 689 285 imperium
705 261 718 283 ,
749 229 856 286 quod
869 227 912 270 vi
927 239 1065 270 tamen

79 291 277 348 oblique,
308 300 428 345 atque
453 288 621 331 obscure
652 285 914 342 perveniebat
935 300 1011 338 eo,
1041 300 1121 341 quo

79 350 247 405 potestas
263 348 372 403 regia
387 345 522 401 palam
546 345 588 388 δι
613 344 765 389 directo
780 344 1007 406 ferebatur..
1036 344 1123 406 (q)

79 406 229 452 Tradit
261 405 426 461 quidem
458 404 601 456 Dion,
634 402 902 457 Imperatoris
931 399 1042 443 fuiffe
1061 415 1122 464 ius

79 464 364 510 conscribendi
397 460 598 506 exercitus
621 490 634 514 ,
669 459 765 503 belli
800 459 984 515 pacisque
1014 457 1122 501 arbr-

75 523 209 567 trium
238 551 250 575 ‚
290 521 558 577 pecuniarum
590 518 962 562 contrahendarum
995 514 1120 559 facul-

77 592 206 624 tatem
224 610 235 632 ,
267 578 312 621 δι
341 577 559 634 capitalem
585 575 1003 619 animadverfionem.
1038 574 1121 616 Ve-

78 654 172 683 rum
206 650 290 679 non
323 637 371 678 ad
394 633 708 689 Imperatoriarn
733 632 1021 675 auROritatem
1036 630 1122 674 haec

76 695 223 740 omnia
242 704 404 736 revocat
417 722 431 745 ‚
465 692 524 735 sed
537 691 583 732 ad
601 704 772 733 munera
787 689 936 733 veteris
953 688 1120 744 popula-

75 753 208 809 tisque
225 749 587 805 Reipub.quorum
616 747 799 803 suprema
824 747 1011 803 princeps
1026 747 1071 790 in
1086 745 1120 789 se

76 807 371 857 transferebat,
404 805 533 848 veluti
560 805 721 849 crebros
741 805 1019 860 Consulatus,
1050 820 1121 861 po·

76 867 263 911 testatem
290 862 583 907 Tribuniciam
613 893 626 917 ,
663 862 951 907 proconsulare
988 865 1122 918 Impe.

72 925 185 968 rium
203 954 215 975 ‚
244 921 390 980 quibus
405 921 634 975 Imperator
650 921 839 964 induebat
853 921 1055 965 summam
1075 936 1121 964 ac

76 981 307 1037 supremam
324 977 517 1022 civilibus
542 979 668 1021 etiam
697 979 737 1031 in
756 978 937 1034 negociis
953 979 1119 1033 potesta-

72 1051 162 1082 tem
192 1040 234 1081 in
261 1037 489 1094 principem
520 1037 797 1079 transeuntem
821 1053 907 1080 non
932 1037 1017 1089 jure
1031 1037 1119 1093 qui-

74 1097 167 1140 dem
187 1097 324 1153 regio,
357 1094 462 1149 quod
480 1094 627 1137 Brutus
641 1095 901 1148 extinxerat,
927 1111 1056 1151 neque
1069 1111 1118 1139 ex

77 1152 324 1206 Diffiatura‚
355 1168 478 1208 quam
507 1152 736 1207 Augustus,
769 1165 909 1207 utpote
935 1152 1006 1196 fibi
1030 1169 1117 1197 rna-

42 1228 44 1230 ’
71 1212 191 1256 xime
221 1211 489 1266 periculosam
515 1208 771 1266 invisamque
797 1211 947 1266 populo
972 1212 1119 1255 recusa-

70 1269 158 1316 vit,
194 1269 253 1312 sed
279 1269 364 1321 jure
389 1267 690 1311 ordinariorum
717 1268 1027 1324 magistratuum
1048 1270 1118 1313 ase

74 1327 373 1381 susceptorum:
407 1326 552 1380 quibus
585 1327 625 1368 in
660 1327 780 1369 unius
810 1327 1026 1382 personam
1050 1326 1117 1372 vel

71 1397 270 1440 perpetuo
304 1386 550 1436 cumulatis,
584 1383 660 1430 vel,
682 1384 822 1427 crebro
858 1385 1039 1440 repetitis
1069 1386 1118 1429 ad

69 1442 228 1486 exitum
248 1442 385 1495 Regiae
416 1442 622 1497 potestatis
648 1454 733 1486 arte
765 1441 1015 1486 hacsubdola
1031 1458 1120 1498 per-

72 1499 266 1542 veniebat
297 1499 332 1542 is
355 1530 368 1552 ‚
411 1500 474 1541 cui
522 1500 752 1544 tradebatur
782 1500 963 1544 militare
989 1501 1118 1558 impe-

67 1556 175 1600 rium
195 1587 208 1611 ,
239 1571 309 1612 per
321 1556 426 1612 quod
444 1572 615 1600 munera
631 1589 643 1612 ‚
676 1573 764 1614 quae
780 1558 903 1615 vellet
918 1591 929 1613 ‚
951 1559 1045 1603 adse
1060 1560 1111 1604 ci-

70 1613 171 1657 vilia
191 1614 408 1663 trahebam
439 1630 532 1657 cum
555 1615 661 1671 leges
687 1616 926 1672 plerumque
949 1632 1116 1672 pareant

72 1671 199 1716 armis
221 1703 230 1714 .
264 1674 360 1715 Ideo
396 1672 510 1715 Dion
541 1674 630 1725 (b)
661 1674 872 1730 postquam
905 1675 1116 1720 consuetos

69 1729 343 1785 Imperatoris
377 1730 634 1782 magistratus
664 1745 979 1777 enumeraverat
1009 1765 1022 1786 ‚
1055 1734 1116 1777 su-

65 1786 185 1840 bjicit
217 1786 328 1832 illius
372 1787 584 1833 facultates
629 1804 714 1833 non
757 1806 806 1835 ex
841 1792 1115 1846 Imperatorio

70 1843 153 1888 'ure
174 1876 186 1899 ,
221 1846 281 1889 sed
313 1861 360 1889 ex
395 1846 476 1889 illis
509 1846 813 1903 magistratibus
840 1850 1112 1904 profluentes:

63 1861 124 1946 {it
145 1902 258 1946 enim
277 1935 288 1956 ,
316 1905 588 1960 Imperatores
605 1907 643 1947 ἐκ
654 1906 724 1958 μέν
737 1907 844 1948 πέπων
858 1909 922 1946 «τῶν
937 1906 1113 1960 ονομοὶηων

64 1959 115 2004 ei(
148 1960 298 2004 horum
330 1963 346 2014 (
389 1977 537 2017 nempe
579 1962 891 2019 magistratuum
925 1966 942 2018 )
976 1962 1110 2007 nomi-

66 2013 188 2066 r‘i’ibus
199 2019 401 2064 exercitus
414 2021 666 2065 conscribere
680 2051 693 2073 ,
721 2022 939 2076 pecuniam
954 2036 1114 2079 cogere,

67 2074 176 2119 be'tssa
211 2076 401 2132 suscipere
428 2109 441 2131 ,
494 2094 635 2133 pacem
659 2078 799 2123 facere
823 2111 836 2132 ‚
867 2080 911 2124 ὃς
943 2079 1113 2125 inferius

62 2131 121 2180 ul
148 2132 193 2172 ⁸5⁸
218 2132 264 2179 ,ἐκ
302 2135 426 2175 votivam
468 2138 533 2175 miv
572 2136 846 2189 ὃωμοκροεσιικῶν
890 2137 1067 2190 ὀνομάτων
1099 2170 1112 2193 ,

59 2188 287 2240 vacas-‘1²39
327 2190 384 2228 σῆς
423 2190 608 2232 πολιτείας
649 2191 758 2246 ι’χυόν
798 2196 1112 2243 περιβεβλιφντοα.

65 2245 212 2299 Itaque
257 2244 321 2288 his
355 2248 613 2300 popularibus
654 2249 884 2293 nominibus
910 2267 1020 2293 omne
1051 2254 1112 2296 in-

62 2302 195 2345 duunt
224 2302 472 2358 Reipublicae
512 2306 627 2349 robur
650 2337 660 2349 .
704 2307 889 2351 Plurima
932 2323 1030 2352 vero
1061 2325 1111 2356 eo

58 2373 155 2403 rum
187 2391 200 2413 ‚
242 2375 331 2416 quae
365 2362 690 2417 Imperatoribus
724 2364 957 2409 adscribunt
989 2365 1111 2414 histo-

59 2415 134 2461 rici
179 2417 262 2462 fine
308 2418 527 2464 mentione
571 2421 881 2478 magistratuum
916 2424 1112 2478 suscepto-

67 2474 158 2528 rum
189 2507 202 2530 ,
243 2491 291 2518 ea
333 2476 479 2521 omnia
523 2477 690 2523 illorum
722 2480 770 2523 ad
800 2481 1111 2537 magistratuum

61 2531 297 2595 potestatem
322 2564 333 2586 ‚
377 2549 464 2578 non
507 2538 553 2580 ad
589 2538 825 2593 potestatem
868 2538 998 2584 ullam
1030 2543 1111 2586 Re-

65 2603 180 2652 giam
215 2592 480 2655 Imperatoris
510 2594 585 2640 esse
617 2597 846 2640 revocanda
872 2628 885 2652 ,
934 2598 1112 2654 plurima

61 2659 325 2702 anthnltatls
370 2666 645 2707 monumenta
693 2655 930 2708 testantur,
969 2658 1111 2714 praeci-

60 2717 139 2760 pue
175 2704 277 2749 illud
309 2707 581 2763 Ancyranum
619 2745 632 2768 ,
679 2728 761 2769 quo
790 2729 850 2757 res
881 2713 931 2757 ab
964 2717 1110 2773 Augu-

58 2760 117 2822 sto
159 2763 276 2819 gestae
317 2774 437 2820 atque
480 2784 503 2812 a
550 2771 588 2815 se
628 2770 718 2826 ipso
773 2770 816 2814 in
862 2771 1111 2818 breviarium

65 2819 239 2882 gedafflae
268 2823 536 2868 continentur
560 2857 575 2881 ‚
620 2828 818 2886 praecipue
849 2845 939 2886 cap.
971 2845 1010 2876 2.
1044 2849 1110 2878 cu-

63 2889 126 2929 jus
157 2876 242 2922 haec
275 2879 507 2934 supersunt:

75 2943 80 2950 “
116 2935 385 2981 Patriciorum
416 2955 620 2985 numerum
650 2943 750 2987 auxi
777 2944 930 3000 Consul
959 2946 1002 2991 V.
1030 2948 1112 3004 ius.

59 3092 169 3111 ——rfi'
282 3100 545 3119 ons—4*
772 3108 1105 3127 -——·-———-

106 3129 186 3169 (a)
208 3132 290 3164 vide
325 3136 421 3169 sines
445 3159 453 3167 .
495 3139 584 3180 apud
621 3139 754 3171 eundem
780 3136 915 3173 casaub.
955 3142 993 3175 in
1029 3145 1107 3179 vita

61 3173 202 3210 Adrian-
223 3183 292 3222 ιη.
310 3190 323 3215 1
334 3191 360 3214 1.
376 3180 471 3217 verbo
485 3193 560 3229 ergo
584 3194 676 3221 conv·
694 3192 763 3229 reg·
778 3195 856 3224 mor·
875 3185 1012 3222 militib.

1079 226 1120 270 δε
1169 227 1226 270 (9⁶
1256 229 1300 269 in
1329 224 1550 280 Consulatu
1583 226 1648 269 VI.
1679 223 1833 290 censum
1864 227 2012 283 Poput.
2038 230 2214 276 Roman.

1169 285 1333 340 Collega
1364 285 1432 327 M.
1463 283 1774 341 Agrippaw.⁴

1227 343 1295 385 En
1327 341 1411 385 haee
1435 341 1579 384 omnia
1595 373 1609 396 ,
1640 355 1815 399 quorum
1841 340 1889 385 ad
1914 341 2154 397 exemplum
2173 345 2219 397 ὃς

1170 397 1251 445 alia
1265 400 1364 443 licet
1377 397 1597 452 conjicere,
1612 414 1698 446 non
1716 399 2000 455 Imperatoriae
2012 402 2214 458 potestati,

1171 456 1232 500 sed
1246 455 1600 510 Consulatibus‚&
1616 458 1800 512 potestati
1814 457 2019 501 Censoriae
2031 475 2052 501 a
2068 461 2220 516 populo

1168 513 1214 557 δε
1244 516 1397 558 Senatu
1429 514 1660 571 impetratae
1690 517 1951 562 tribu'untur.
1983 517 2081 560 Mos
2113 521 2218 564 item

1170 570 1415 626 scriptorum
1429 572 1483 616 est
1497 604 1510 626 ‚
1537 585 1581 617 ut
1592 572 1662 629 qui
1678 577 1839 619 causam
1855 573 1998 618 mortis
2011 590 2079 618 reo
2093 575 2221 632 dedit,

1169 644 1243 684 pro
1258 630 1420 673 austore
1437 628 1671 684 proferant:
1708 632 1839 676 veluti
1862 632 2080 677 Svetonius
2093 633 2221 679 initio

1170 687 1265 730 vitae
1278 688 1497 731 Vitellianae
1510 688 1645 744 inquit
1659 689 1870 743 accusavit
1882 723 1895 745 ,
1925 690 2226 735 condemnavit-

1170 761 1248 801 que
1275 777 1288 798 ,
1337 761 1434 789 cum
1466 746 1576 790 idern
1608 747 1816 791 accusator
1846 748 1891 791 &
1922 750 2226 806 condemnator

1169 802 1243 846 esse
1257 814 1434 860 nequeat
1448 833 1458 845 .
1489 803 1565 847 Sed
1580 803 1673 860 quia
1688 804 1819 849 caussa
1834 804 1916 850 fuit
1929 837 1942 859 ‚
1963 819 2007 850 ut
2020 807 2220 853 condem-

1169 874 1336 904 naretur
1357 876 1408 905 ex
1433 861 1690 905 accusatione
1717 863 1782 906 sua
1797 895 1810 916 ‚
1841 875 2056 920 propterea
2075 865 2224 917 judicia

1168 918 1295 963 etiarn
1326 918 1364 962 ei
1396 918 1612 973 personam
1635 920 1856 975 imposuit,
1885 922 1932 964 ad
1956 922 2064 980 quod
2078 939 2222 968 exem-

1170 975 1286 1031 plum
1320 975 1429 1019 trahi
1463 977 1617 1032 possent
1636 977 1816 1033 plurima
1831 1009 1847 1033 ,
1875 994 1963 1036 quae
1977 980 2215 1026 tribuuntur

1158 1034 1492 1091 ,Imperatoribus
1510 1064 1524 1087 2
1556 1050 1641 1079 non
1665 1051 1715 1081 ex
1729 1036 1966 1081 auctoritate
1983 1040 2216 1094 Imperato-

1168 1094 1228 1136 ria
1242 1091 1420 1148 profecta
1436 1092 1496 1136 sed
1523 1108 1575 1137 ex
1597 1094 1806 1139 occasione
1820 1094 1871 1138 ab
1884 1094 1973 1151 ipsis
1986 1096 2216 1143 Caesaribus

1166 1151 1331 1195 oblata.
1362 1152 1478 1194 Nam
1509 1150 1554 1194 &
1578 1151 1786 1208 Ulpianus
1816 1153 2038 1197 accusatori
2061 1155 2212 1200 conde-

1168 1210 1427 1255 mnationem
1460 1209 1604 1252 tribuit
1629 1240 1642 1262 ‚
1673 1223 1886 1265 propterea
1915 1212 2023 1268 quod
2055 1229 2125 1268 per
2156 1213 2211 1257 il-

1168 1266 1245 1311 lius
1273 1267 1574 1311 accusationem
1605 1282 1696 1311 reus
1743 1284 1767 1311 a
1795 1267 1926 1319 judice
1958 1270 2212 1316 condemne-

1167 1338 1259 1370 tur.
1292 1325 1417 1369 Unde
1450 1325 1617 1369 scribit:
1646 1323 1832 1382 peregiffe
1862 1342 1967 1369 reum
1999 1330 2015 1380 (
2049 1329 2209 1373 accusa-

1166 1395 1229 1427 tor
1247 1384 1266 1437 )
1285 1400 1359 1426 non
1371 1384 1476 1426 alias
1488 1383 1650 1426 videtur
1662 1415 1675 1438 ‚
1708 1383 1783 1438 nifi
1796 1383 1852 1427 (θ’
1864 1385 2183 1430 condemnaverit
2195 1417 2212 1443 ,

1166 1441 1246 1487 hoc
1277 1442 1360 1496 est,
1390 1441 1467 1485 nisi
1498 1441 1676 1486 effecerit
1706 1454 1751 1486 ut
1783 1442 2154 1490 condemnaretur.

1365 1556 1809 1601 CAPUT
1927 1560 2009 1602 VI.

1407 1673 1475 1717 De
1503 1672 1652 1730 origine
1681 1675 1958 1730 Imperatoris.

1269 1787 1316 1830 St
1348 1785 1474 1842 igitur
1507 1789 1737 1845 Imperator
1779 1788 1959 1834 summus
1989 1806 2035 1835 ac
2068 1806 2209 1848 perpe-

1169 1880 1177 1887 .
1281 1858 1375 1889 tuus
1387 1846 1465 1890 dux
1481 1848 1734 1892 exercituum
1753 1850 2052 1892 Romanorum.
2069 1852 2208 1906 Quam

1163 1903 1366 1958 Augustus
1378 1904 1663 1950 auc‘toritatern
1680 1938 1692 1961 ,
1726 1921 1777 1951 ne
1800 1921 1869 1961 per
1893 1906 1998 1950 hanc
2013 1907 2123 1951 viam
2140 1923 2206 1952 re-

1162 1960 1246 2004 dire
1275 1962 1440 2007 occulto
1471 1963 1675 2010 videretur
1703 1965 1751 2008 ad
1782 1963 2065 2019 Dictaturam,
2099 1981 2208 2009 nun-

1161 2034 1284 2076 quam
1312 2021 1354 2064 in
1386 2036 1658 2077 perpetuum,
1693 2022 1753 2067 sed
1782 2021 2005 2080 aliquando
2025 2023 2069 2068 in
2082 2024 2205 2080 quin-

1160 2079 1419 2134 quennium,
1452 2080 1590 2135 saepius
1614 2080 1657 2123 in
1683 2080 1928 2125 decennium
1943 2082 2127 2138 accepit,
2158 2094 2206 2126 ut

1161 2151 1251 2180 earn
1267 2148 1405 2181 tamen
1421 2148 1505 2180 tota
1520 2137 1602 2181 vita
1621 2139 1874 2182 continuarit
1892 2170 1907 2192 ‚
1931 2139 2091 2183 decimo
2104 2156 2207 2196 quo-

1160 2210 1237 2250 que
1261 2209 1371 2238 anno
1388 2195 1569 2250 Imperio
1587 2195 1656 2239 sibi
1683 2210 1901 2253 prorogato
1915 2227 1926 2249 ‚
1946 2212 2015 2252 per
2028 2199 2203 2242 caussam

1161 2251 1451 2296 rebellantium
1487 2253 1794 2309 provinciarum
1819 2286 1831 2307 ‚
1874 2270 1973 2311 quas
2004 2255 2203 2299 decennio

1161 2311 1294 2365 pacari
1330 2309 1434 2365 posse
1465 2312 1587 2355 toties
1617 2312 1887 2366 obtendebat,
1917 2311 2076 2369 quoties
2107 2328 2204 2357 exe-

1160 2381 1260 2412 unte
1293 2367 1464 2424 Imperii
1512 2369 1575 2413 die
1621 2381 1783 2425 rogatus
1824 2386 1870 2414 ac
1903 2383 2099 2428 tanquam
2135 2372 2201 2415 in-

1160 2426 1270 2469 vitus
1310 2437 1395 2469 erat
1439 2425 1539 2470 iliud
1582 2427 1733 2471 iterum
1777 2440 2045 2485 recepturus.
2101 2429 2202 2472 Inde

1160 2497 1250 2527 orta
1288 2484 1529 2528 decennalia
1586 2485 1845 2543 sequentium
1893 2487 2021 2531 etia'm
2065 2488 2204 2542 Impe-

1161 2556 1370 2595 ratorum,
1401 2543 1470 2598 qui
1503 2542 1572 2586 etfi
1604 2557 1845 2589 crearentur
1875 2543 1919 2588 in
1934 2557 2200 2600 perpetuum,

1161 2612 1300 2643 tamen
1334 2600 1494 2645 decimo
1537 2617 1698 2660 quoque
1742 2618 1854 2646 anno
1883 2601 1989 2648 festis
2019 2602 2155 2645 diebus
2187 2633 2202 2656 ,

1159 2658 1202 2701 ὃς
1235 2657 1482 2702 solemnibus
1514 2658 1619 2704 ludis
1644 2692 1658 2715 ,
1689 2660 1802 2706 velut
1833 2660 2006 2716 Imperii
2039 2660 2108 2704 sibi
2141 2676 2203 2703 re-

1159 2717 1298 2759 novati
1346 2717 1534 2762 laetitiam
1579 2718 1697 2764 simul
1741 2735 1836 2763 cum
1881 2717 2032 2776 populo
2076 2718 2204 2775 capie.

1161 2774 1260 2817 bant
1289 2806 1298 2816 .
1343 2777 1423 2828 (c)
1455 2777 1692 2822 Provincias
1730 2794 1828 2822 vero
1861 2777 1916 2821 ita
1948 2792 2042 2821 cum
2075 2776 2201 2820 Sena·-

1160 2844 1201 2876 tu
1242 2832 1376 2876 divifit
1417 2835 1667 2890 Augustus,
1697 2847 1742 2879 ut
1783 2834 2089 2879 indomitas'&
2134 2847 2200 2878 tu-

1159 2890 1453 2947 multuantes3
1506 2893 1653 2950 quibus
1695 2893 1926 2938 coercendis
1967 2898 2067 2950 opus
2110 2890 2204 2935 esset

1157 2949 1286 3006 copiis
1317 2949 1565 2996 militaribus
1589 2983 1604 3009 ,
1652 2950 1736 3010 ipse
1775 2950 1987 3009 susceperit
2018 2982 2032 3007 ,
2078 2951 2204 3015 verbo

2056 3023 2148 3066 qur-

1155 3109 2204 3135 ——-—-—-—————-———-affl*

1203 3148 1219 3184 (
1237 3144 1257 3177 b
1273 3146 1291 3184 >
1315 3146 1371 3179 lib.
1404 3157 1452 3197 53Τ
1467 3155 1543 3190 pag.
1564 3151 1639 3191 508.

1199 3193 1219 3232 ζ
1237 3200 1251 3224 c
1266 3191 1284 3232 >
1307 3191 1398 3225 Dion
1421 3191 1480 3226 [rb.
1502 3204 1553 3235 53.
1568 3204 1601 3239 p.
1618 3202 1692 3237 570·
