2451 3470
156 78 261 133 218

372 191 822 238 TITULUS
881 191 961 234 XI.

378 311 444 355 De
468 308 628 366 Vulgari
654 304 932 361 substitutione
950 336 959 348 .

219 425 450 472 Ubstitutio
485 424 538 467 est
569 419 767 474 secundo,
798 419 865 462 vel
899 418 1085 464 ulteriori
1103 435 1195 476 gra-

150 426 215 530 S
249 485 301 527 du
335 483 437 526 fa&a
471 479 703 523 institutio.
737 480 877 534 anue
912 476 979 521 vel
999 478 1196 520 omnibus

147 542 326 599 personis
357 541 399 583 δε
448 537 705 591 temporibus
753 534 950 577 convenit
985 567 998 588 ,
1028 535 1071 577 &
1103 533 1196 577 vul-

163 600 270 654 garis
302 595 556 654 appellatur,
588 607 734 646 nempe
752 591 862 645 baec,
885 590 923 644 fi
941 593 1199 635 Titiusheres

157 674 233 700 non
263 655 408 708 suerit,
436 652 691 707 Sempronius
717 649 921 704 heresesto:
959 649 1023 694 vel
1046 663 1196 692 conve-

161 714 226 758 nit
260 711 419 767 Pupillo
462 722 625 752 tanturn
650 739 665 761 ,
712 707 831 762 usque
873 704 922 749 ad
955 706 1200 762 pupillarem

165 784 327 814 aetatem
355 800 368 821 ,
398 767 441 810 &
473 764 687 820 pupillaris
718 763 868 806 dicitur
891 794 907 816 ,
939 764 1066 808 veluti
1094 765 1202 806 Fili-

167 844 233 871 um
249 841 374 870 meum
398 824 572 868 heredem
599 821 782 878 instituo,
813 822 950 874 eique,
972 821 1005 873 fi
1031 822 1136 864 heres
1147 820 1204 874 sit

167 885 224 929 (5
256 887 297 927 in
326 882 518 939 pupillari
542 892 650 924 aetate
683 875 878 933 decefferit
900 877 1094 933 substituo
1120 881 1204 922 Ca-

166 944 277 995 ium.
315 941 380 984 Ad
413 938 531 989 huius
563 935 802 991 exemplum
836 936 992 990 prodiit
1017 936 1101 980 alia
1118 936 1201 979 sub-

166 998 321 1042 stitutio
343 1029 355 1050 ‚
403 1011 490 1053 quae
520 996 673 1038 dicitur
704 992 952 1047 exemplaris
975 1024 990 1046 ,
1031 994 1074 1036 ὃ(
1106 994 1151 1036 fit
1181 1010 1206 1036 a

164 1059 283 1101 Patre
311 1054 417 1098 Filio
449 1064 709 1106 mentecapto
742 1081 754 1103 ,
783 1049 825 1092 ὅ(
860 1050 1037 1093 minime
1068 1051 1116 1094 ad
1148 1063 1205 1094 te-

169 1114 355 1159 standum
387 1111 564 1163 idoneo,
595 1108 817 1163 desinitque
844 1123 939 1151 cum
961 1107 1057 1150 Filii
1074 1107 1208 1152 furore

169 1172 198 1215 fi
230 1168 460 1225 resipiscat,
493 1183 581 1223 quae
616 1178 826 1221 propterea
856 1165 1106 1219 exemplaris
1138 1180 1208 1220 ap-

170 1228 348 1286 pellatur
376 1258 388 1280 ,
439 1226 562 1280 inque
606 1223 731 1266 tertio
778 1221 1084 1265 institutionum
1116 1223 1210 1266 loco

177 1286 370 1343 ponitur.
405 1285 559 1339 Quarta
589 1281 644 1324 est
675 1279 938 1335 breviloqua,
974 1279 1037 1322 seu
1064 1280 1211 1323 melius

173 1343 379 1398 reciproca
414 1372 426 1394 ‚
457 1355 536 1395 qua
567 1338 739 1380 instituti
769 1336 933 1380 heredes
970 1367 983 1389 ‚
1028 1336 1210 1380 invicem

177 1401 469 1446 substituuntur
493 1429 508 1450 ,
554 1395 579 1438 si
613 1410 746 1445 unus,
786 1405 855 1436 aut
900 1393 1034 1449 plures
1065 1409 1212 1438 eorum

174 1457 341 1503 heredes
374 1470 459 1498 non
493 1453 678 1496 fuerint.
707 1451 865 1506 Quinta
899 1463 1065 1494 vocatur
1095 1467 1210 1495 com·

180 1514 396 1572 pendiosa,
427 1526 517 1568 quae
548 1509 681 1566 plures
716 1508 1043 1552 substitutionum
1066 1509 1215 1562 species

179 1568 520 1626 comprehendit,
553 1583 622 1621 per
652 1567 736 1609 haec
757 1566 902 1609 verba:
935 1567 1215 1619 Quandocum-

179 1646 256 1687 que
279 1624 498 1683 decefferit,
535 1627 626 1679 Qua
658 1623 836 1667 formula
866 1625 1105 1667 continetur
1126 1624 1214 1668 vul-

183 1686 317 1743 garis,
349 1682 588 1740 pupillaris,
619 1682 661 1724 δε
692 1680 964 1736 exemplaris.
995 1681 1116 1724 Sexta
1136 1682 1217 1725 mi-

189 1744 323 1788 litaris
355 1740 640 1797 privilegiata,
675 1754 761 1794 quae
794 1739 840 1780 fit
870 1754 892 1780 a
924 1737 1070 1781 Milite
1094 1771 1103 1781 .

241 1802 344 1855 inae
374 1812 521 1842 omnes
566 1797 655 1838 sunt
701 1795 998 1838 substitutiones
1030 1795 1220 1849 direstae,

184 1875 209 1902 a
240 1857 385 1913 quibus
415 1855 546 1898 differt
580 1851 977 1905 fideicommissaria,
1011 1852 1078 1895 ubi
1107 1853 1222 1896 heres

679 62 1791 125 INST12.;‹TUT10NES2„

1300 137 1342 178 si
1376 148 1514 178 autem
1546 134 1636 190 quis
1669 131 1782 176 non'
1815 134 1980 188 adjiciat
2008 137 2228 187 clausulam
2254 141 2293 194 [ἱ

1251 192 1356 234 heres
1387 208 1462 234 non
1487 192 1588 243 erit,
1620 192 1682 234 sed
1705 191 1942 245 simpliciter
1965 194 2098 249 dicat,
2128 199 2288 241 Titium

1250 247 1439 303 instituo:
1474 248 1587 302 eique
1605 246 1800 302 substituo
1821 251 1998 304 Caium,
2029 253 2195 307 perinde
2208 257 2286 299 erit

1251 321 1296 347 ac
1329 304 1357 348 s1
1387 320 1480 348 eam
1512 303 1737 348 clausulam
1768 305 1973 356 adjecisset
2001 339 2010 350 .
2043 311 2145 364 Quae
2174 311 2284 355 clau-

1251 361 1344 405 sula'
1366 361 1682 416 comprehendit
1714 377 1811 418 non!
1833 362 1961 405 solum
1995 365 2127 410 casum
2163 368 2188 411 si
2217 368 2285 412 he-

1248 434 1310 462 res
1353 418 1429 462 esse
1474 417 1653 462 noluerit
1683 448 1696 470 ‚
1746 434 1888 462 verum
1932 419 2058 466 etiam
2091 425 2224 468 casum
2259 427 2285 469 fi

1246 475 1363 519 heres
1392 476 1468 518 effe
1502 475 1732 531 nequiverit
1760 506 1771 517 .
1802 477 1889 528 (a)
1921 473 2156 534 Eademque
2176 483 2286 525 clau-

1251 532 1334 575 sula
1369 532 1406 585 fi
1451 533 1557 576 heres
1597 549 1672 574 non
1708 533 1808 585 erit,
1845 533 1978 576 varios
1996 550 2066 588 pro
2087 537 2286 582 heredum

1245 588 1444 645 qualitate
1477 588 1583 644 parit
1618 589 1781 632 effeetus
1801 622 1810 631 .
1847 592 1989 644 Nam,
2020 592 2285 648 ‘fiadplicetur

1248 646 1386 689 heredi
1418 659 1614 690 extraneo
1642 646 1699 688 sui
1732 646 1852 699 juris,
1887 648 2074 691 continet
2106 651 2285 707 casum,

1248 719 1329 758 quo
1359 703 1450 759 quis
1480 718 1612 759 neque
1643 703 1724 758 ipse
1758 703 1802 745 fit
1835 704 1974 758 heres,
2007 720 2137 762 neque
2169 719 2283 752 tran-

1247 761 1351 804 siens
1381 762 1424 803 in
1457 761 1693 816 potestatem
1727 761 1959 816 adoptantis
1981 778 2074 806 eum
2094 764 2282 810 heredem

1249 816 1417 862 feeerit.
1452 817 1537 861 Etsi
1567 817 1797 872 adplicetur
1831 819 1967 863 heredi
1999 832 2195 865 extraneo
2228 822 2285 873 ju-

1254 875 1308 918 ris
1337 875 1490 928 alieni,
1519 876 1708 918 continet
1741 876 1873 919 casum
1893 908 1908 929 ,
1941 892 2021 932 quo
2060 879 2286 934 nequeipse

1253 932 1300 975 fit
1328 931 1469 986 heres,
1503 947 1632 987 neque
1658 931 1933 976 »hereditatem
1966 934 2159 988 parenti,
2196 937 2283 978 Do-

1251 989 1423 1032 minove
1453 988 1673 1044 quaesierit.
1706 990 1746 1031 Si
1781 1005 1877 1032 vero
1906 990 2133 1045 adplicetur
2149 992 2284 1036 heredi

1253 1047 1349 1098 suo,
1382 1061 1503 1100 quem
1538 1045 1602 1088 sua
1621 1047 1812 1088 Testator
1845 1046 1965 1090 babet
1997 1046 2040 1089 in
2074 1050 2282 1102 potestate,

1257 1103 1490 1158 fignificat,
1522 1101 1549 1144 si
1600 1101 1634 1145 se
1678 1102 1919 1146 abstinuerit
1965 1103 2188 1149 hereditate
2224 1123 2293 1161 pa-

1254 1172 1370 1203 terna
1413 1159 1502 1203 usus
1545 1159 1744 1203 beneficio
1783 1159 2010 1204 Praetoris:
2057 1177 2154 1206 cum
2202 1162 2289 1214 jure

1257 1217 1388 1260 Civili
1422 1215 1547 1260 Pilius
1577 1217 1702 1260 etiam
1737 1217 1820 1259 fine
1859 1216 2039 1261 aditione
2070 1217 2123 1267 sit‘
2151 1219 2291 1263 heres.

1315 1275 1357 1317 Si
1388 1287 1528 1317 autem
1560 1289 1665 1318 unus
1698 1273 1956 1317 substituatur
1987 1274 2171 1329 pluribus
2200 1309 2214 1329 ,
2260 1278 2292 1320 is

1257 1331 1307 1375 ad
1337 1331 1533 1374 omnium
1565 1345 1697 1385 partes
1729 1343 1924 1384 vocatur,
1956 1332 2101 1375 adeout
2122 1333 2168 1375 iis
2180 1333 2295 1377 dece-

1258 1388 1448 1432 dentibus
1478 1388 1634 1432 cunffis
1663 1421 1677 1441 ,
1722 1387 1860 1431 veniat
1902 1388 1962 1431 ad·
1982 1401 2120 1432 totum
2151 1390 2270 1434 assem
2289 1423 2298 1432 .

1261 1445 1302 1488 Si
1345 1445 1483 1502 plures
1527 1445 1814 1488 substituantur
1858 1446 1971 1500 uni,
2014 1446 2198 1490 divident
2231 1448 2302 1490 fibi

1259 1502 1384 1547 assem
1415 1501 1624 1558 aequaliter
1655 1534 1664 1546 .
1713 1503 1755 1545 Si
1799 1502 1932 1557 plures
1966 1502 2145 1558 pluribus
2175 1504 2302 1550 etiam

1262 1560 1530 1616 inaequalibus
1571 1575 1621 1603 ex
1664 1559 1846 1615 partibus
1886 1559 2083 1612 institutis
2117 1561 2300 1605 substitu-

1264 1632 1416 1671 antur,
1447 1630 1581 1673 partes
1609 1617 1721 1661 inter
1753 1616 1986 1661 substitutos
2015 1616 2155 1661 itidem
2169 1633 2303 1674 aequa-

1264 1676 1359 1719 liter
1388 1675 1650 1719 dividentur.
1682 1676 1722 1718 Si
1757 1673 1905 1730 singuli
1928 1674 2307 1719 substituanturfin-

1267 1732 1374 1788 gulis
1396 1765 1412 1786 ,
1460 1745 1551 1776 tum
1587 1731 1751 1787 quisque
1786 1731 2022 1774 substitutus
2053 1731 2186 1774 aufert
2217 1748 2309 1788 par-

1266 1803 1355 1834 tem
1387 1788 1629 1846 adscriptam
1663 1789 1726 1831 illi
1753 1820 1770 1842 ,
1811 1789 1883 1832 cni
1917 1787 2189 1831 substituitur.

1328 1849 1387 1890 At
1432 1847 1462 1890 fi
1506 1847 1640 1903 plures
1685 1845 1951 1890 instituantur
1983 1876 1995 1898 ,
2018 1864 2020 1866 ·
2042 1845 2086 1888 8(
2117 1844 2303 1890 invicem

188 1916 591 1967 institutusrogatur
619 1909 826 1953 restituere
858 1909 1103 1964 substituto,
1135 1926 1222 1966 quae
1273 1904 1585 1957 substituantur,
1618 1903 1826 1958 quantitas
1858 1903 2004 1958 cuique
2034 1901 2232 1957 adscripta
2264 1903 2308 1946 in

188 1974 232 2016 ὅ(
262 1971 430 2026 obliqua
462 1979 720 2022 nuncupatur
732 1998 746 2008 ν.

1270 1962 1555 2014 institutione,
1586 1961 1768 2003 censetur
1801 1959 1842 2001 in
1881 1959 2160 2003 substitutione
2193 1975 2306 2014 repe-

206 2032 209 2034 ’
251 2027 454 2071 Militaris
498 2040 618 2080 porro
662 2024 700 2066 id
747 2023 867 2066 habet
899 2023 1088 2078 praecipui
1118 2025 1224 2081 quod
1271 2023 1347 2064 tita
1380 2035 1393 2071 3
1436 2019 1478 2062 δ(
1508 2018 1653 2061 divisio
1685 2018 1794 2060 inter
1843 2015 2071 2060 substitutos
2103 2016 2144 2058 in
2180 2030 2312 2072 partes

195 2085 348 2130 ‹lireeto
381 2085 427 2127 fit
457 2083 499 2125 in
531 2080 736 2136 duplicem
767 2082 902 2123 casum
928 2112 941 2134 ,
985 2096 1132 2137 nempe
1153 2113 1165 2135 ‚
1190 2081 1228 2135 fi

193 2146 298 2187 heres
330 2159 402 2184 non
428 2139 482 2192 fit
508 2171 520 2192 ,
553 2138 608 2181 Θ
628 2137 662 2192 fi
694 2138 797 2179 heres
809 2136 863 2190 fit
886 2169 898 2190 ‚
928 2137 983 2180 (9⁵
1001 2137 1130 2194 pqstea
1159 2140 1226 2181 de-

1275 2076 1535 2122 hereditarias
1579 2075 1649 2117 'fiet
1693 2090 1778 2117 non
1823 2075 1865 2118 in
1910 2073 2050 2116 viriles
2082 2085 2124 2115 ut
2155 2073 2312 2117 hocin

1274 2132 1466 2190 exemplo
1500 2149 1512 2186 3
1543 2134 1684 2175 Titius
1715 2149 1761 2174 ex
1790 2133 1906 2174 uncia
1938 2132 2044 2174 heres
2073 2129 2143 2185 csto
2165 2163 2177 2184 ‚
2213 2133 2309 2173 Mx-

193 2199 339 2255 cefferit
364 2230 375 2241 .
420 2199 533 2240 Nam
566 2195 609 2238 ἃ.
642 2195 718 2237 hoc
762 2194 892 2238 altero
923 2193 1013 2238 casu
1044 2196 1227 2239 substitu-
1276 2194 1370 2236 vius
1400 2207 1446 2232 ex
1477 2188 1598 2245 besse,
1631 2189 1710 2232 hoc
1741 2189 1793 2232 est
1809 2204 1861 2232 ex
1878 2188 1975 2232 o&o
1994 2189 2152 2240 unciis,
2183 2189 2314 2241 Caius

191 2271 256 2301 tus
289 2271 373 2299 non
403 2268 603 2309 tanquam
637 2268 686 2295 ex
707 2251 1036 2295 Fideicommisso
1064 2253 1229 2307 veniet,
1275 2260 1334 2293 exv
1353 2249 1600 2305 quadrante,
1632 2246 1710 2289 hoc
1729 2247 1780 2288 est
1798 2261 1850 2289 ex
1871 2246 2000 2289 tribus
2021 2245 2170 2288 unciis.
2192 2248 2311 2288 Mor-

195 2315 260 2359 sed
294 2324 506 2368 tamquam
534 2310 690 2352 <luceto
722 2322 912 2352 vocatus.

253 2371 498 2414 Traduntur
529 2379 668 2410 autem
701 2366 743 2408 in
782 2365 1062 2410 substitutione
1087 2366 1229 2423 vulga-

198 2429 232 2472 ri
265 2428 413 2483 regulae
440 2438 545 2469 tres.
581 2424 694 2466 Prior
725 2423 777 2466 est
803 2456 816 2476 ,
850 2438 894 2466 ut
924 2425 1086 2478 quando
1118 2425 1229 2468 insti-

195 2499 307 2529 tutus
335 2484 447 2527 adire
481 2482 628 2538 poterit
648 2514 660 2535 ,
694 2481 902 2524 substituto
922 2496 1005 2524 non
1028 2481 1074 2525 fit
1096 2482 1206 2526 locus
1221 2512 1231 2524 .

196 2540 384 2587 Secunda
410 2552 459 2584 ut
493 2539 714 2582 substitutio
746 2539 903 2593 expiret
927 2570 940 2592 ‚
972 2540 998 2582 fi
1032 2539 1232 2583 hereditas

196 2602 305 2644 adita
353 2598 474 2642 fuerit
511 2613 566 2640 ex
608 2595 864 2640 institutione
897 2629 907 2638 .
964 2597 1146 2651 Tertia,
1190 2608 1232 2640 ut

201 2656 427 2700 substitutio
460 2670 542 2697 non
576 2654 724 2708 profit,
759 2653 831 2695 nisi
855 2653 1074 2697 substitutis
1091 2655 1232 2697 viven-

202 2716 340 2765 tibus,
373 2714 517 2754 adeout
547 2711 614 2765 qui
649 2711 913 2753 hereditatem
929 2726 977 2754 ex
995 2712 1232 2754 substitutio-

200 2787 254 2814 ne
289 2785 372 2811 non
405 2768 544 2819 adierit
579 2799 592 2819 ,
623 2782 713 2809 eam
744 2768 929 2810 moriens
962 2768 1008 2810 ad
1044 2769 1233 2812 heredem

196 2827 480 2874 transmittere
517 2836 714 2880 nequeat.

633 2999 819 3013 n———-·.

280 3042 330 3080 a)
356 3042 391 3071 L.
413 3049 442 3071 2.
458 3042 493 3070 C.
511 3040 611 3071 bend.
630 3038 701 3069 ins}-
720 3040 740 3068 l.
758 3040 804 3076 56.
821 3036 860 3080 ff
874 3039 974 3075 sulm.
996 3039 1099 3074 Matr,

276 3086 330 3124 A>
356 3087 393 3118 L.
425 3095 450 3116 1.
480 3087 518 3119 C.
545 3084 584 3116 de
621 3082 744 3123 impab.
769 3081 807 3119 (9·
847 3085 926 3116 aliis
942 3082 1091 3124 substul-
1121 3094 1174 3124 ²4·
1194 3080 1235 3127 ff.

1133 3001 1237 3015 ab·

1274 2321 1349 2351 tuo
1378 2303 1486 2356 Cajo
1515 2303 1713 2360 quadrans
1746 2303 1864 2358 ipfius
1894 2303 2095 2346 dividetur
2115 2302 2156 2344 in
2180 2315 2311 2357 partes

1278 2365 1458 2416 novem,
1489 2377 1662 2416 quarum
1682 2360 1774 2404 offlo
1794 2359 2110 2411 feretMaevius,
2141 2358 2313 2414 quisue·

1279 2433 1340 2465 rat
1374 2420 1578 2464 institutus
1623 2418 1664 2461 in
1707 2417 1800 2462 οξὶο
1843 2418 2010 2468 unciis,
2061 2431 2185 2458 unam
2221 2432 2313 2459 vero

1278 2478 1418 2522 Titius
1443 2509 1454 2530 ,
1485 2477 1554 2533 qui
1588 2475 1718 2520 fuerat
1751 2476 1793 2518 in
1828 2475 1950 2518 uncia
1981 2473 2214 2516 institutus.
2248 2473 2313 2524 (h)

1337 2535 1494 2579 Eadem
1540 2534 1698 2576 ratione
1742 2532 1921 2588 repetitae
1958 2542 2156 2586 putantur
2187 2530 2313 2574 etiam

1281 2595 1323 2638 in
1357 2591 1634 2634 substitutione
1665 2589 1890 2632 additiones
1916 2620 1927 2640 ,
1953 2588 1998 2630 δ(
2028 2585 2212 2630 clausulae
2243 2587 2312 2630 ad-

1279 2651 1388 2703 je&ae
1422 2649 1463 2690 in
1496 2647 1749 2690 institutione
1782 2661 1794 2694 ς
1826 2647 1907 2698 (c)
1936 2644 1979 2686 δε
2011 2642 2142 2699 legata
2175 2643 2313 2687 relieta

1281 2710 1330 2751 ab
1361 2706 1554 2749 institutis
1587 2736 1593 2743 .
1632 2704 1798 2758 repetita
1832 2702 2045 2746 censentur
2076 2718 2098 2744 a
2128 2702 2311 2744 substitu-

1283 2766 1361 2816 tis,
1392 2764 1460 2817 qui
1494 2762 1643 2804 debent
1678 2761 1854 2817 praestare
1882 2792 1893 2812 ‚
1925 2759 2031 2815 quod
2062 2774 2111 2802 ex
2145 2759 2313 2802 manda·

1209 2866 1215 2870 ,
1283 2837 1326 2865 to
1357 2819 1581 2862 Testatoris
1613 2818 1846 2874 praestitisset
1881 2817 2084 2860 institutus
2106 2848 2115 2858 .
2146 2816 2236 2868 (d)

2271 2871 2313 2914 Si

1605 3000 1708 3006 ——-
1715 2996 1888 3008 ›q--n——ae

1326 3037 1402 3075 (c)
1429 3033 1537 3071 Cujac.
1566 3035 1600 3064 in
1625 3035 1637 3063 l
1670 3044 1696 3065 1.
1716 3032 1750 3076 ff
1768 3033 1804 3064 de
1817 3030 1940 3062 Imoub.
1968 3030 2006 3061 (9⁶
2030 3031 2109 3061 aliis
2128 3026 2228 3069 [ubst.

1328 3084 1347 3122 ς
1362 3081 1414 3120 d>
1441 3083 1476 3111 L.
1512 3079 1588 3113 licet
1604 3077 1756 3121 Impubes
1779 3087 1831 3117 74-
1847 3074 1885 3119 ff
1906 3078 2006 3118 legat.
2029 3085 2057 3106 ι.
