2451 3470
127 118 232 174 168
601 105 645 178 J.
725 97 795 152 V.

120 195 214 241 timi
247 187 338 234 finis
363 219 372 231 .
418 183 502 230 Hei
529 178 644 226 mihi
670 175 758 231 a&
788 172 885 217 huic
921 167 1155 233 Alexander

121 252 255 296 VIII.
287 261 414 292 cornu
445 237 679 295 confregit,
712 232 772 275 sed
805 245 856 273 ne
876 229 1025 272 doloris
1043 240 1156 288 acer-

65 298 71 303 .
124 312 298 355 bitatem
329 314 577 359 augeamus,
611 290 732 337 modo
764 300 980 343 pergamus
1015 283 1157 326 ulteri-

127 385 196 413 us·
230 365 338 410 Vide
352 361 483 404 n'hoc
514 364 634 408 caput
663 346 870 408 ereE'tum‚
901 340 1163 385 &elevatum

71 459 74 462 >
127 428 248 472 ardua
278 420 436 467 cervice
468 414 624 459 micans
650 410 663 450 2
696 405 790 447 Hoc
823 415 1020 456 inquam,
1051 397 1159 454 quod

129 501 175 530 os
203 482 325 526 habet
356 475 566 528 bilingue,
598 466 760 519 linguas
789 471 931 502 autem
957 456 1163 508 effrenas,

131 556 255 599 vagas
287 537 330 581 &
363 530 540 577 subdolas
565 556 574 567 .
623 522 771 585 Cornu
803 527 1002 579 ‘praeterea
1029 544 1042 566 ‚
1064 511 1162 576 ’vide

134 615 259 658 quam
292 594 336 637 sit
366 601 553 634 acutum.
588 575 711 622 Nihil
741 574 837 616 huic
860 586 943 614 non
965 583 1166 626 pervium,

138 656 243 701 nihil
279 666 362 694 non
397 637 642 702 penetrabile
663 666 672 677 .
705 631 832 694 Nihil
865 629 919 672 cst
952 641 1036 691 tam
1067 641 1164 669 con-

138 714 359 768 junStum3
407 701 509 758 quod
543 694 659 745 hujus
700 703 806 732 acres
840 701 925 748 non
956 685 1168 745 dirimat)

139 770 244 815 nihil
276 780 361 809 tam
394 759 586 806 densum,
619 746 724 804 quod
758 759 841 808 non
861 742 1076 793 dissolvat,
1107 754 1170 781 m-

140 830 318 873 hil·tam
353 817 518 871 simplex
551 844 562 864 ,
597 807 654 850 nil
687 806 860 857 denique
894 813 978 842 tarn
1011 812 1171 848 unum,

173 884 248 929 uod
273 894 354 922 non
385 875 495 929 plura
516 862 800 912 comminuat,
836 873 919 919 non
940 868 1170 919 extremam

142 904 266 986 iiiodo
297 932 526 980 aciculam,
558 923 618 967 sed
650 921 692 963 8(
724 918 954 959 Democriti
987 925 1173 974 atomos,

145 1002 186 1044 ὅ(
221 995 455 1049 Pythagorae
490 972 955 1038 unitatetntdiffunderc
988 969 1141 1032 valebit
1165 998 1175 1008 .

149 1055 237 1110 Ipsa
269 1052 439 1102 denique
474 1040 767 1084 mathemat1ca
806 1028 954 1084 pun&a
988 1025 1175 1089 bifariam

364 1103 558 1154 dufi’taque
591 1109 660 1150 per
692 1090 817 1152 lineae·
840 1085 1013 1129 tractum
1047 1098 1089 1125 in
1123 1081 1177 1144 la-

152 1186 236 1213 tera
267 1161 470 1208 dissecabit
499 1189 508 1198 .
553 1153 664 1196 Huic
697 1147 819 1209 capiti
853 1156 1005 1185 nomen
1038 1139 1090 1182 est
1121 1138 1180 1180 di-

151 1224 311 1271 stin-{iio
344 1215 516 1262 verbalis
547 1211 588 1253 δί
617 1205 848 1265 [ορὶῖιίζιεε.
883 1199 1035 1242 HAER.
1052 1197 1183 1259 Vetus

151 1285 204 1329 est
255 1283 338 1323 haec
382 1276 424 1318 ἃ
456 1268 716 1325 τιοτίίῖιωᾳ,Ι
747 1268 934 1322 tre-quens
975 1255 1028 1318 est
1069 1267 1184 1314 emm

155 1340 273 1391 hujus
307 1327 424 1383 usus‚'
454 1345 498 1372 ac
533 1324 774 1387 necellarius=
802 1331 851 1358 iis
876 1312 1092 1363 omnibus,
1113 1323 1183 1364 qui

157 1397 334 1442 trafflant
369 1386 578 1434 scientias,
609 1397 631 1422 a
666 1377 826 1437 phyuca
857 1372 1050 1433 &rerum
1069 1379 1185 1434 natu-

162 1454 311 1498 ralium
345 1441 657 1497 investigatione
690 1430 904 1483 semustas.
937 1429 1022 1470 Diu
1042 1430 1185 1486 estigi-

161 1526 227 1556 tur
287 1521 381 1551 cum
412 1517 487 1557 ego
518 1509 607 1541 utar
625 1492 708 1544 ejus
728 1503 872 1544 opera.
908 1487 1000 1527 Imo
1024 1480 1189 1545 &aliud

163 1541 283 1624 capiit
316 1563 409 1606 huic
443 1556 679 1611 proximum
709 1546 777 1610 diu
796 1545 877 1607 est,
907 1556 1002 1598 curn
1023 1539 1069 1603 ‘se
1086 1538 1190 1581 mihi

164 1623 364 1670 comitem
396 1615 630 1659 fidissimum
661 1605 870 1655 adjunxit.
902 1602 996 1642 Hoc
1013 1610 1189 1660 'inquam

166 1693 288 1736 caput
320 1662 599 1719 vaferrimum'
620 1662 855 1708 involutum
890 1653 1191 1718 laque1s‚quo·d

165 1738 346 1784 obsident
390 1727 543 1784 impexi
586 1724 629 1766 ὃς
684 1715 850 1763 tortuosi
894 1708 1194 1773 capim-nodis

170 1786 525 1848 inexplicabilibus
565 1776 715 1823 intexti
752 1806 761 1816 .
806 1774 962 1833 Nonne
995 1769 1091 1810 huic
1123 1782 1194 1808 no-

172 1867 269 1897 men
301 1844 488 1891 definitio
529 1836 721 1891 ambigua
761 1831 805 1874 δί
849 1825 1058 1889 captiosa?
1101 1825 1196 1867 Hoc

171 1910 286 1954 enim
320 1919 416 1948 vero
465 1893 725 1954 praevalidum
768 1901 896 1931 cornu
927 1895 1030 1937 gerit
1061 1881 1103 1944 ᾇ
1137 1896 1195 1922 ro-

175 1966 332 2010 bustum
351 1993 362 2014 ,
392 1973 473 2015 quo
501 1953 612 1997 nulla
646 1950 684 1992 vi
716 1958 897 2000 unquam
926 1941 1041 2005 nullo
1068 1953 1196 1993 impe-

174 2036 220 2067 tu
252 2016 530 2064 contundetur
550 2042 560 2053 .
588 2010 688 2052 Haec
721 2004 845 2058 igitur
878 1999 992 2041 nobis
1020 1997 1107 2059 sunt
1138 2012 1199 2038 ar-

173 2096 243 2124 ma
274 2070 514 2120 communia
537 2099 551 2121 ,
585 2061 892 2120 progrediamur
921 2055 969 2098 ad
1002 2053 1200 2115 ultimum

172 2148 318 2192 caput.
355 2128 562 2174 lutatium
594 2124 671 2165 hoc
703 2118 823 2161 habet
853 2127 980 2157 cornu
999 2125 1201 2174 cerwcem

173 2194 359 2242 flavam,
390 2187 570 2233 frontem
606 2180 787 2222 serenam
807 2204 819 2225 ‚
851 2169 992 2214 oculos
1025 2167 1198 2230 hilares,

173 2268 219 2295 os
251 2250 382 2293 ridens
406 2276 419 2298 ‚
467 2254 602 2284 totum
634 2233 806 2287 denique
839 2225 1041 2283 aspeStum
1076 2223 1203 2279 placi-

175 2310 273 2352 dum
315 2317 433 2359 atque
465 2294 688 2351 jucundum
722 2322 731 2332 .
765 2289 902 2342 Quam
935 2282 1108 2325 modesta
1143 2281 1202 2324 fa-

176 2365 259 2410 cies
289 2361 342 2405 est
367 2391 379 2411 ‚
427 2369 550 2412 quam
588 2349 691 2407 lenis
720 2346 764 2389 δ(
788 2341 995 2387 mansueta
1021 2345 1029 2381 !
1079 2341 1141 2380 Ut
1168 2339 1202 2381 se

175 2420 332 2481 profert
358 2415 554 2463 libenter,
587 2421 710 2464 quam
742 2401 860 2446 facile
890 2399 924 2442 se
948 2395 1199 2440 traRandam

176 2482 220 2525 δε
252 2470 559 2520 demulcendam
583 2465 756 2522 praebet,
784 2459 923 2520 lingua
944 2468 1203 2518 manus-con-

177 2532 444 2581 “celantium
475 2525 658 2569 lambens
676 2533 799 2576 quam
828 2516 972 2558 leviter
997 2510 1205 2563 flectitur,

176 2596 221 2639 δζ
251 2593 285 2636 se
310 2589 357 2632 ad
388 2576 540 2630 taE’tum
564 2581 738 2622 aliorum
757 2569 1064 2637 accommodat!
1082 2569 1202 2622 Quae-

170 2653 219 2696 ⁴so
252 2646 356 2692 mihi
390 2656 541 2687 nomen
567 2638 610 2680 ἃ
634 2636 743 2684 vires,
769 2631 880 2674 llllus
911 2627 1069 2670 indica.
1103 2626 1204 2687 CA-

177 2704 363 2754 SUlST.
406 2703 528 2744 Hanc
568 2704 760 2736 vocamus
793 2682 1203 2751 ‘condescendentiam

180 2765 348 2811 barbaro
379 2759 422 2802 &
457 2752 638 2798 inaudito
681 2745 879 2809 veteribus
918 2742 1055 2783 latinis
1087 2754 1205 2781 voca-

181 2823 301 2867 bulo.
325 2816 440 2861 Hinc
462 2812 513 2855 est
536 2808 686 2852 scilicet
716 2815 817 2845 ratio
844 2809 1206 2859 temporumffquae

178 2875 333 2925 Christi
366 2873 499 2923 leeem
523 2868 566 2910 ὃς
592 2859 866 2916 Evangelium
892 2857 940 2899 ad
969 2852 1089 2898 seculi
1117 2867 1205 2894 mo-

179 2953 240 2981 res
304 2933 347 2976 &
378 2919 428 2972 ad
455 2914 1010 2970 hominum‘imbecillitates
1044 2924 1205 2952 accom-

180 2967 345 3042 modat,
376 2983 578 3029 fle&end0
609 2975 728 3021 fortia
753 3005 764 3024 ‚
783 2973 825 3015 ἃ
845 2971 952 3015 acria
967 2965 1205 3011 demulcen-

181 3055 232 3097 do
256 3082 268 3104 ‚
300 3062 346 3089 ac
371 3057 500 3089 onera
532 3036 695 3085 tandem
727 3029 965 3073 hominibus
996 3024 1202 3079 aptando,

182 3123 269 3153 non
299 3101 487 3148 homines
516 3092 704 3142 oneribus
728 3120 737 3132 .
781 3088 882 3131 Haec
915 3084 969 3128 est
1003 3079 1202 3138 praecipua

149 1113 298 1157 dividet
320 1139 332 1159 ‚

916 74 1762 151 GRAVINAE

1207 171 1347 215 nostrae
1375 168 1568 225 potentiae
1597 184 1686 225 pars
1705 205 1717 227 ,
1747 171 1832 222 haec
1856 170 2008 217 ancilla
2033 172 2254 221 robustior.

1207 230 1367 272 Omnes
1386 228 1500 270 enim
1529 229 1579 270 ab
1605 228 1690 271 imo
1731 229 1986 275 difficultates
2000 232 2167 286 evellit,
2196 236 2250 278 le-

1207 300 1384 343 gemque
1415 284 1600 327 divinam
1635 285 1805 333 cuilibet
1838 287 2090 333 traf’tabilern
2124 291 2250 334 reddit

1207 345 1252 388 δί
1281 342 1473 386 duffilem
1491 373 1501 384 .
1537 343 1609 385 Per
1637 341 1744 386 hanc
1763 358 1907 387 omnes
1931 345 2059 390 valles
2074 347 2252 402 implen-

1210 414 1304 454 tur,
1338 400 1380 443 δί
1409 414 1554 442 omnes
1587 398 1715 442 colles
1736 399 2248 458 humiliantur„perlianc

1212 474 1336 514 prava
1375 456 1464 500 sunt
1492 456 1536 499 in
1563 457 1711 500 dircen
1728 488 1739 509 ‚
1763 456 1808 500 δε
1832 458 1967 511 aspera
1996 460 2041 502 in
2062 462 2146 504 vias
2167 464 2249 518 pla-

1215 531 1286 558 nas
1315 527 1553 557 mutantur.
1584 516 1684 557 Haec
1716 514 1803 556 sunt
1835 515 2141 571 instrumenta‚'
2162 520 2251 575 qui.

1215 575 1284 615 bus
1308 570 1538 625 Evangelio
1576 571 1663 613 vim
1704 571 1919 615 intulimus
1951 604 1963 625 ‚
2007 574 2133 629 iisque
2165 592 2248 619 non

1218 630 1346 673 solum
1386 629 1562 688 virtutes
1597 627 1851 684 theologicas
1883 629 1926 672 δε
1961 631 2214 675 Christianas
2236 666 2249 687 ‚

1219 687 1277 731 sed
1317 685 1521 729 naturales
1549 685 1592 727 ὅτ.
1627 686 1814 739 gentibus
1857 686 2066 730 consuetas
2103 689 2251 732 everti-

1220 759 1333 787 mus.
1365 743 1516 786 HAER.
1548 742 1735 785 Multum
1765 742 1946 797 profecio
1977 746 2094 787 debes
2110 748 2251 800 proba-

1221 801 1368 843 bilitati
1396 832 1408 853 ‚
1455 814 1545 841 mea
1572 798 1680 842 soror
1711 831 1723 852 ‚
1773 815 1860 855 quae
1891 813 1950 844 tot
1981 802 2107 856 copiis
2132 816 2253 859 atque

1221 858 1389 901 auxiliis
1427 869 1464 900 te
1498 856 1710 909 instruxit,
1744 858 1957 913 multoque
2000 860 2171 902 validior
2200 861 2253 902 est

1225 930 1331 958 nova
1366 914 1450 957 haec
1482 913 1603 955 bestia
1638 913 1681 955 &
1711 914 1872 957 occulta
1897 946 1909 967 ‚
1945 931 2068 971 quam
2101 917 2251 960 vetusta

1224 971 1295 1014 illa
1320 1004 1332 1025 ,
1376 971 1419 1013 &
1459 970 1694 1026 pervulgata
1716 971 1756 1013 in
1783 972 2023 1026 Apocalypsi
2044 973 2254 1028 descripta.

1225 1029 1299 1071 Sed
1334 1028 1429 1084 quid
1465 1029 1518 1070 est
1547 1058 1560 1079 ,
1598 1027 1703 1080 quod
1740 1043 1822 1069 non
1849 1028 1938 1070 satis
1969 1028 2090 1072 libere
2118 1042 2259 1073 movet

1227 1084 1372 1142 gressus
1398 1117 1410 1130 ,
1455 1084 1514 1126 sed
1548 1083 1707 1126 videtur
1731 1084 2034 1138 aliquantulum
2059 1085 2259 1129 claudica-

1230 1159 1269 1186 re
1299 1145 1311 1184 ?
1350 1142 1474 1184 CAS.
1500 1139 1580 1183 Hei
1618 1140 1719 1182 mihi
1746 1156 1869 1196 quam
1894 1157 1959 1184 me
1993 1143 2150 1185 mordet
2178 1144 2260 1186 hate

1230 1199 1369 1244 acerba
1402 1197 1627 1242 recordatio
1651 1229 1662 1249 ,
1696 1197 1933 1254 quantisque
1961 1199 2042 1241 odii
2085 1199 2256 1242 stimulis

1232 1255 1413 1300 concitat
1462 1255 1644 1297 adversus
1677 1270 1770 1297 eum
1803 1288 1815 1307 ‚
1864 1255 1932 1310 qui
1976 1256 2263 1300 vehementius

1233 1314 1350 1356 illam
1381 1312 1491 1354 ausus
1516 1311 1575 1361 est-
1598 1325 1799 1354 attentare
1826 1343 1838 1365 ,
1880 1327 2026 1367 nempe
2048 1315 2255 1358 innocen-

1234 1372 1337 1413 tium
1371 1371 1447 1413 XL
1481 1369 1548 1424 qui
1579 1369 1767 1411 contudit
1799 1369 1940 1412 baculo
1974 1383 2135 1424 tergum
2167 1370 2253 1422 ,-&

1237 1426 1405 1471 reddidit
1429 1425 1754 1469 eam'elumbem
1771 1458 1781 1477 ,
1805 1440 1849 1469 ut
1876 1426 1955 1476 jam
1986 1442 2067 1469 non
2097 1439 2181 1468 tam
2204 1442 2267 1469 ce-

1238 1485 1374 1527 leriter
1420 1482 1464 1525 &
1496 1482 1680 1536 expedite
1723 1484 1858 1535 vagari
1907 1485 2019 1537 poffit
2050 1515 2058 1524 .
2113 1484 2267 1526 HAER.

1240 1541 1332 1585 Nisi
1365 1555 1551 1595 properas
1580 1539 1661 1581 alio
1693 1571 1705 1592 ‚
1742 1555 1832 1583 mea
1864 1539 1968 1583 soror
1995 1573 2007 1592 ‚
2040 1540 2165 1583 velim
2200 1541 2269 1583 bas

1244 1613 1330 1641 tuas
1360 1613 1503 1639 omnes
1537 1596 1738 1639 d08rinas
1765 1628 1776 1649 ‚
1817 1612 1914 1653 quas
1946 1613 2013 1650 per
2039 1597 2268 1653 imaginem

1241 1655 1452 1711 expressisti
1470 1686 1482 1705 ‚
1513 1652 1631 1696 fufius
1653 1652 1816 1696 evolvas
1839 1685 1850 1705 ‚
1879 1654 2090 1711 ‘ra-tionem
2129 1659 2270 1697 earurr'i

1242 1713 1284 1755 ἃ
1325 1712 1505 1755 auSl‘ores
1541 1709 1728 1765 cujusque
1764 1710 1971 1764 opinionis
2012 1711 2128 1754 nobis
2168 1711 2272 1753 indi-

1244 1769 1407 1811 cando.
1450 1769 1574 1809 CAS.
1618 1767 1733 1809 Idem
1782 1767 1865 1811 alio
1903 1768 1973 1809 tibi
2014 1769 2075 1811 die
2116 1768 2271 1822 praesta-

1245 1827 1296 1869 bo
1325 1856 1335 1869 ,
1373 1839 1483 1866 nunc
1522 1838 1605 1865 non
1652 1837 1768 1866 vacat
1803 1855 1814 1877 ,
1867 1824 2016 1868 necesse
2050 1825 2101 1867 est
2125 1825 2238 1867 enim
2260 1855 2272 1877 ‚

1246 1898 1291 1926 ut
1317 1897 1435 1937 opem
1477 1880 1606 1923 feram
1649 1881 1808 1924 cuidam
1850 1880 1970 1931 judici
2003 1912 2015 1935 5
2056 1881 2123 1936 qui
2161 1883 2273 1924 enim

1249 1939 1378 1982 multa
1417 1950 1556 1993 praeter
1599 1937 1719 1980 fidem
1743 1969 1771 1990 ,,
1823 1939 1865 1980 in
1909 1938 2140 1982 exercendis
2174 1937 2276 1989 judi-

1249 1997 1320 2040 ciis
1351 2028 1363 2049 ,
1403 1995 1531 2050 gratia
1559 2026 1570 2046 ‚
1613 2007 1681 2036 aut
1716 1995 1834 2037 donis
1863 2007 2098 2048 corruptus,
2134 1994 2276 2050 egerit,

1251 2068 1360 2096 nunc
1400 2052 1513 2094 illata
1553 2051 1702 2094 damna
1744 2053 2013 2108 nequicquam
2064 2051 2278 2095 resarcien-

1250 2111 1299 2154 do
1322 2143 1334 2163 ,
1372 2108 1495 2152 vellet
1533 2107 1602 2150 libi
1631 2109 1832 2163 scrupulos
1863 2121 2004 2152 Omnes
2031 2141 2042 2162 ,
2077 2110 2143 2165 qui
2172 2108 2276 2151 acri-

1251 2180 1311 2211 ter
1342 2181 1434 2210 eum
1458 2177 1615 2221 angunt
1640 2196 1652 2219 ,
1691 2167 1871 2210 eximere
1899 2198 1906 2207 .
1950 2168 2121 2209 Accedit
2146 2166 2245 2208 alter
2266 2197 2278 2217 ‚

1251 2225 1318 2280 qui
1366 2223 1495 2279 pretio
1534 2222 1602 2266 sibi
1647 2220 1757 2267 viam
1801 2224 1849 2266 ad
1884 2225 2102 2279 dignitates
2131 2222 2278 2266 Eccle-

1256 2281 1420 2325 siasticas
1456 2280 1596 2324 sternit
1629 2311 1641 2334 ‚
1683 2296 1826 2323 aurum
1857 2313 1869 2333 ‚
1915 2296 1998 2323 non
2042 2296 2113 2335 pro
2149 2279 2281 2333 digni-

1254 2338 1404 2382 tatibus
1461 2336 1550 2392 ipsis
1577 2369 1589 2390 ,
1638 2337 1699 2380 sed
1735 2354 1806 2393 pro
1844 2338 1961 2381 bonis
2000 2337 2042 2379 δι
2090 2351 2281 2379 commo-

1253 2396 1312 2439 dis
1366 2407 1486 2451 atque
1525 2393 1660 2437 fun'dis
1705 2426 1718 2447 ‚
1769 2411 1856 2450 quae
1906 2395 2122 2450 dignitates
2179 2392 2280 2447 ipsas

1253 2453 1555 2509 consequuntur
1580 2484 1592 2506 ,
1632 2452 1837 2496 offerendo
1864 2484 1873 2495 .
1922 2455 2033 2494 Item
2069 2450 2122 2493 est
2146 2481 2158 2502 ,
2209 2449 2279 2504 qui

1254 2526 1320 2553 me
1357 2509 1530 2553 consulit
1566 2541 1578 2562 ‚
1623 2524 1676 2551 an
1713 2509 1874 2551 tendere
1911 2508 2078 2563 impune
2119 2506 2281 2549 infidias

1253 2580 1322 2610 aut
1363 2565 1590 2611 calumnias
1625 2566 1768 2608 struere
1810 2567 1925 2619 po'ffit
1987 2564 2170 2607 adversus
2229 2563 2282 2606 il-

1258 2624 1343 2668 lum
1381 2655 1393 2677 ‚
1443 2639 1465 2666 a
1502 2639 1583 2677 quo
1620 2622 1689 2665 sibi
1740 2622 1915 2665 honores
1950 2653 1962 2676 ‚
2011 2635 2080 2664 aut
2125 2620 2281 2663 famam

1255 2680 1415 2737 praecipi
1454 2679 1671 2731 suspicatur
1708 2709 1718 2720 .
1764 2678 1874 2722 Huic
1922 2679 1955 2721 se
1990 2677 2174 2733 adjungit
2219 2677 2278 2720 al-

1254 2751 1313 2781 ter
1339 2769 1352 2790 ,
1394 2736 1462 2791 qui
1499 2735 1614 2778 illata
1655 2747 1785 2778 morte
1834 2736 1987 2778 sustulit
2029 2735 2241 2777 hominem
2268 2765 2279 2787 ‚

1253 2811 1275 2837 a
1304 2809 1384 2850 quo
1411 2793 1445 2835 ei
1478 2808 1537 2835 res
1561 2792 1730 2844 alicujus
1760 2793 1875 2847 pretii
1903 2792 2011 2835 furto
2040 2791 2279 2836 aufereban-

1255 2864 1320 2894 tur
1349 2882 1357 2892 .
1400 2849 1519 2892 Adest
1562 2850 1605 2892 ἃ
1643 2851 1703 2892 vir
1742 2850 1890 2894 nobilis
1927 2881 1939 2904 ,
1986 2850 2053 2905 qui
2089 2864 2283 2903 provoca·

1254 2921 1317 2951 tus
1354 2906 1400 2948 ad
1429 2907 1608 2951 duellum
1637 2939 1648 2960 ,
1687 2906 1855 2961 postulat
1881 2939 1892 2959 ‚
1929 2922 1982 2956 an
2009 2907 2116 2950 exire
2146 2905 2191 2948 in
2220 2905 2278 2947 lo-

1253 2981 1348 3008 cum
1381 2965 1615 3008 condietum
1651 2974 1806 3019 queat,
1849 2979 1941 3007 cum
1977 2963 2187 3006 voluntate
2210 2977 2282 3016 pu·

1252 3021 1403 3078 gnandi
1437 3052 1447 3073 ‚
1486 3022 1511 3064 si
1537 3022 1587 3064 ab
1613 3021 1836 3064 adversario
1865 3021 1974 3077 prius
2005 3019 2145 3071 injuste
2172 3031 2283 3073 peta-v

1253 3092 1316 3123 tur
1348 3111 1357 3121 .
1394 3080 1498 3123 Item
1532 3078 1665 3135 puella
1699 3110 1710 3133 ‚
1751 3093 1838 3135 quae
1875 3077 2028 3122 furtivo
2063 3075 2288 3133 complexu

2199 3148 2291 3190 gra-
