2451 3470
474 70 923 156 ‘IJiJRis
1004 81 1931 140 RECEPTIORIS.

132 157 394 206 Fluminibus
425 187 437 212 ,
486 171 555 201 aut
586 157 749 202 aliunde
782 156 1029 212 colligatur,
1060 154 1179 211 quale

131 218 235 262 item
264 217 318 260 est
348 216 468 259 Mare
498 246 510 268 ‚
556 215 600 259 &
631 226 793 270 propter
825 213 958 257 Maris
982 212 1095 256 usum
1122 224 1179 256 et-

133 274 218 319 iam
249 273 363 318 Litus
388 288 402 326 3
449 273 548 315 adeo
581 284 625 316 ut
648 271 783 315 Maris
809 271 897 315 usus
928 281 1063 324 pateat
1089 285 1181 312 orn-

133 332 253 375 nibus
289 331 337 374 ad
381 329 659 386 navigandum
685 359 700 381 ,
750 329 793 372 ὃς
833 328 878 370 ad
911 326 1178 381 piscandum:

135 388 234 432 ficut
263 388 307 431 δι
336 387 422 431 usus
447 387 596 430 Litoris
628 417 644 439 -,
690 401 771 441 quo
803 397 1012 446 receptum
1037 398 1182 426 omnes

132 445 283 489 habere
312 444 531 497 debemus,
558 457 687 498 eoque
718 441 803 494 jure
819 455 984 496 proprio
999 440 1181 493 utimur,

133 502 357 546 dummodo
388 502 658 545 abstineamus
682 515 704 542 a
733 499 846 542 Cafis
868 530 884 551 ,
931 497 1007 541 five
1037 501 1181 553 Tugu-

131 560 229 614 riis,
261 560 306 603 δε
335 558 532 602 AEdificiis
561 571 733 610 eorum,
765 556 834 612 qui
862 567 958 598 ante
975 570 1047 598 nos
1061 569 1180 610 opere

134 617 203 661 suo
248 616 376 660 folum
401 615 504 658 illud
531 627 786 669 occuparunt
821 630 832 655 t
884 613 991 669 quod
1018 613 1046 655 fi
1082 627 1182 668 opus

132 673 256 718 fuerit
299 673 499 717 sublatum
532 703 544 724 ‚
593 687 638 714 ea
671 670 804 713 litoris
830 670 965 725 portio
990 671 1038 713 ad
1068 685 1177 713 com-

133 746 306 776 munem
339 730 483 774 redibit
512 728 653 772 usum:
689 728 812 769 Unde
846 727 903 769 ita
934 726 1028 770 licet
1060 742 1181 782 opera

131 787 178 831 in
218 787 335 832 litore
377 801 562 830 exercere
592 815 608 838 ‚
655 799 705 827 ne
731 783 865 826 Maris
892 783 980 826 usus
1006 783 1182 833 deterior

129 845 274 888 evadat
297 875 311 888 Α.
361 843 430 886 Est
464 838 602 885 autem
627 839 727 884 litus'
753 839 956 896 quousque
987 840 1181 884 hibernus

129 902 266 954 Maris
297 900 440 943 fluE‘tus
469 896 664 944 exiverit.

186 961 246 1002 Et
293 955 488 1014 *quamvis
549 956 670 998 Mare
727 953 796 997 'sub
844 952 1000 998 nullius
1048 953 1179 998 domi-

129 1015 252 1061 nium
305 1013 444 1058 veniat
472 1045 488 1067 ⁴,
533 1025 676 1056 ‘tamen
718 1012 814 1063 Jure
850 1012 1054 1055 Gentium
1095 1012 1180 1067 pos-

133 1075 270 1118 sumus
321 1071 516 1116 Hostibus
562 1068 704 1112 nostris
732 1101 746 1123 ,
795 1070 926 1125 quoad
962 1070 1066 1113 vires
1108 1085 1179 1112 no·

133 1132 219 1175 strae
261 1130 505 1187 pertinent,
548 1127 650 1171 illud
689 1126 898 1183 prohibere
928 1158 940 1180 ‚
984 1143 1033 1171 rac
1056 1126 1181 1170 ratio-

130 1204 186 1233 ne
221 1188 405 1232 custodiae
432 1218 444 1239 ,
494 1187 778 1240 summumque
821 1184 864 1226 in
895 1199 940 1227 ea
971 1183 1173 1230 faciendo—

130 1262 226 1290 rum
259 1243 431 1301 veffigal
464 1243 624 1299 exigere
648 1257 670 1284 a
702 1242 1059 1297 praetereuntibus,
1090 1241 1178 1298 qui·

133 1305 205 1348 bus
248 1318 370 1357 opera
407 1299 544 1344 nostra
587 1301 707 1344 Mare
747 1314 940 1355 ‚pervmm
968 1316 1017 1344 vac
1042 1312 1178 1343 tutum

131 1361 380 1418 praebemus.

195 1417 362 1461 Publica
388 1415 477 1459 sunt
504 1447 516 1468 ‚
561 1429 736 1471 quorum
767 1411 996 1471 proprietas
1017 1413 1081 1458 ve'l
1109 1394 1201 1456 d0-'

128 1475 313 1520 minium
357 1473 411 1517 est
452 1471 620 1524 alicujus
662 1472 833 1528 Populi,
865 1472 955 1516 usus
987 1488 1081 1515 vero
1103 1471 1180 1515 fin-

129 1532 326 1588 gulorum
357 1561 375 1584 -,
416 1530 480 1572 vel
509 1530 682 1573 Civium
715 1561 727 1583 ,

130 1659 201 1690 tur
229 1678 238 1688 .
268 1644 415 1701 Qialis
439 1645 493 1688 est
523 1648 665 1687 Portus
697 1675 708 1695 ‚
757 1644 799 1687 ὃς
841 1644 1012 1688 Flumen
1047 1677 1059 1698 ‚
1104 1644 1181 1686 live

134 1719 278 1760 corpus
301 1702 406 1746 illud
434 1717 545 1766 aqssuae
574 1702 624 1744 ab
652 1701 785 1745 Alveo
810 1702 1151 1757 comprehensum
1169 1717 1203 1753 3v

131 1777 234 1804 nam
260 1776 362 1816 aqua
389 1757 664 1814 particulatim
699 1759 918 1802 haurienda
943 1791 956 1812 ‚
998 1772 1045 1802 ut
1076 1759 1175 1803 dixi-

131 1834 226 1861 mus
242 1848 253 1870 ‚
284 1818 336 1860 est
367 1817 604 1859 communis
624 1847 635 1868 ‚
668 1816 709 1858 ἃ
733 1816 1075 1879 appella-tiiraqua
1091 1832 1177 1868 pro·
1200 1864 1203 1869 ,

133 1876 262 1923 fluens
294 1907 302 1917 .
351 1873 558 1918 Fluminis
599 1873 699 1916 item
738 1889 910 1917 nomine
945 1890 1029 1917 non
1083 1876 1177 1918 for-

134 1947 228 1976 renz
258 1963 271 1985 ,
305 1931 364 1974 sed
398 1947 510 1987 aqua
532 1931 715 1985 perrenis
754 1932 899 1974 venit.

139 2275 378 2330 Principum
404 2307 416 2328 ,
458 2291 480 2317 a
532 2272 675 2330 quibus
721 2274 967 2328 populorum
996 2276 1094 2327 Jura
1121 2276 1176 2318 su-

134 2333 339 2376 stinentur
363 2365 375 2386 ‚
404 2346 532 2387 eaque
559 2329 716 2374 ratione
740 2331 904 2374 arbitrio
929 2349 1071 2377 eorum
1086 2334 1176 2378 Flu-

136 2391 303 2434 minum
345 2391 389 2434 &
415 2387 689 2432 Metallorum
722 2388 834 2442 usus,
858 2391 1052 2444 quamvis
1067 2408 1173 2435 com*

141 2447 278 2490 munis
304 2479 315 2500 ,
348 2447 588 2503 prohibetur
608 2477 620 2499 ,
645 2460 701 2489 -ex
729 2446 793 2488 tit.
822 2447 946 2490 Feud.
973 2449 1069 2501 Quae
1085 2450 1182 2503 sunt

141 2505 317 2560 regalia:
350 2505 418 2561 qui
446 2504 515 2549 etfi
548 2503 734 2548 cond-itus
758 2502 879 2547 fuerit
915 2507 1181 2559 Imperatoris

141 2561 258 2605 causa
289 2577 301 2614 3
334 2575 471 2606 tamen
491 2561 616 2605 ‘illum
638 2560 711 2604 'fibi
741 2575 886 2605 omnes
906 2564 1180 2607 attribuerunt

143 2621 277 2673 Reges
303 2650 314 2670 ‚
343 2620 386 2662 '&
416 2619 561 2663 summi
594 2616 831 2673 Principes,
861 2635 884 2662 a
919 2622 1063 2677 quibus
1086 2623 1178 2666 Me·

142 2675 241 2719 ta'lla
271 2677 414 2719 ceteris
433 2677 739 2721 interdicuntur
755 2707 764 2717 .

760 1530 822 1573 vel
872 1529 1079 1583 aliorum,
1111 1533 1199 1585 qui*

132 1589 327 1634 Hostium
356 1601 528 1631 numero
558 1602 577 1629 a
612 1585 767 1641 Populo
804 1586 880 1630 illo
917 1602 1001 1630 non
1027 1587 1198 1630 haben:

1220 2276 1353 2320 essent
1410 2274 1627 2341 nullius-..2
1679 2278 1810 2333 postea
1853 2279 2145 2334 occupatae-in

1205 2584 1208 2586 ·
1224 2562 1356 2606 *dotali
1376 2594 1394 2617 ‚

2172 111 2239 145 20

1230 154 1340 213 ribus
1372 153 1539 210 religare
1570 186 1583 208 ‚
1613 155 1837 200 dummodo
1870 175 1919 204 ne
1951 163 2129 210 Arbores
2160 113 2275 211 eveZ

1231 212 1286 255 lat
1329 212 1374 256 δι
1415 212 1539 256 caedat
1564 243 1577 265 ‚
1618 228 1705 268 quae
1749 215 1841 259 sunt
1874 232 1962 271 pars
1993 221 2272 269 finitimorum

1232 269 1513 313 Praediorum:
1566 271 1670 314 unde
1713 270 1882 316 illorum
1933 277 2106 322 Domini
2138 282 2273 326 domi-

1230 327 1347 369 nium
1378 327 1503 370 etiam
1538 328 1715 370 retinent
1745 328 1789 375 ὃς
1823 331 2028 376 Arborum
2062 336 2167 390 Ripa
2201 355 2271 382 na·

1229 396 1365 426 tarum
1389 415 1402 426 .
1445 383 1514 426 Est
1541 396 1682 428 autern
1717 386 1824 441 Ripa
1857 404 1938 444 quo
1970 389 2145 436 Flumen
2178 410 2272 439 cuin

1231 441 1283 483 est
1318 442 1593 494 plenissimum
1612 473 1624 495 ‚
1658 443 1899 488 naturaliter
1929 446 2125 502 assurgit.

1234 553 1241 560 ,
1289 499 1369 541 Res
1402 498 1691 543 Univerfitatis
1724 500 1814 544 sunt
1843 518 1932 558 quae
1962 504 2150 550 dominio
2185 507 2274 550 sub-

1230 568 1363 617 iacent
1412 555 1580 606 alicujus
1622 557 1756 601 civilis
1797 561 2016 616 corporis,
2061 577 2156 617 puta
2188 568 2274 609 Ur-

1233 613 1291 654 bis
1316 643 1328 664 ,
1372 612 1590 668 Collegii:
1632 630 1804 670 quarum
1851 617 1965 662 usum
2011 620 2162 664 liabent
2194 621 2274 664 fin-

1231 668 1317 731 guli
1377 670 1551 713 Civium
1583 702 1594 723 ,
1648 674 1712 720 vel
1761 673 2033 730 Collegarurn
2070 694 2080 720 ε
2134 678 2274 734 qualia

1234 728 1322 768 lunt
1354 726 1538 770 Theatra
1564 759 1580 780 ,
1611 729 1746 772 Stadia
1769 762 1781 783 ,
1816 732 2004 779 Porticus
2035 766 2047 789 ,
2079 735 2230 779 Forum
2258 768 2272 790 ‚

1235 782 1324 825 Viae
1360 813 1371 834 ‚
1403 783 1445 825 δι
1479 783 1624 827 similia
1651 817 1660 827 .
1760 830 1766 835 ,

1289 842 1370 900 Res
1412 839 1564 884 nullius
1590 842 1787 887 <dicuntur
1819 862 1907 903 quae
1939 860 2008 891 aut
2041 849 2084 893 in
2117 849 2272 893 nullius

1231 894 1400 958 (lomino
1432 897 1548 951 sunt,
1582 913 1651 942 aut
1687 901 1785 954 usu3
1821 905 1878 946 led
1911 906 1983 948 esse
2008 919 2167 950 tantum
2186 908 2275 963 pos-

1231 955 1357 1001 lunt,
1404 955 1532 998 veluti
1581 955 1672 1000 ferae
1714 958 1886 1014 Bestiae,
1931 979 2021 1019 quae
2050 977 2274 1020 antequam

1226 1024 1470 1073 *caperentur
1498 1012 1667 1077 ‘nullius
1699 1015 1886 1061 dominio
1922 1020 2123 1071 subjacent
2144 1054 2158 1075 ,
2210 1022 2271 1065 sed

1232 1069 1297 1111 sub
1328 1082 1582 1124 capientium
1614 1072 1804 1116 dominio
1835 1076 2011 1130 cadunt3
2045 1078 2108 1122 vel
2143 1094 2273 1135 neque

1232 1126 1320 1170 sunt
1354 1128 1396 1169 in
1427 1128 1614 1172 dominio
1645 1129 1814 1182 alicujus
1840 1164 1851 1185 ‚
1884 1148 1954 1177 aut
1987 1135 2055 1179 usu
2081 1168 2093 1190 ,
2138 1152 2270 1192 neque

1228 1183 1301 1228 esse
1334 1199 1517 1239 queunt,
1548 1186 1685 1241 quales
1720 1194 1809 1231 funt
1841 1205 1900 1234 res
1935 1192 2072 1247 sacrae,
2107 1193 2274 1247 sanae,

1227 1242 1458 1304 religiolae‚
1490 1258 1577 1298 quse
1608 1244 1656 1287 ad
1689 1245 1843 1289 nullius
1862 1248 2123 1305 dominium,
2153 1251 2265 1296 &ad

1232 1301 1472 1342 Numinum
1503 1312 1671 1359 tantum
1700 1315 1921 1348 vertuntur
1954 1307 2068 1350 usum
2091 1340 2101 1350 .

1290 1359 1370 1400 Res
1398 1370 1542 1400 autem
1575 1357 1689 1401 sacrae
1725 1359 1843 1415 sunt,
1876 1379 1964 1418 quae
1997 1365 2100 1417 rite,
2134 1381 2178 1410 ac
2213 1366 2271 1409 so-

1233 1414 1425 1457 lemniter
1465 1430 1537 1470 per
1583 1416 1805 1472 Episcopos
1848 1419 1890 1463 δε
1935 1422 2148 1468 Anti-stites
2182 1426 2270 1467 Deo

1231 1472 1518 1515 consecrant-ur
1539 1503 1555 1514 .
2200 1522 2205 1528 ,

1291 1529 1507 1585 Religiosae
1549 1530 1638 1573 sunt
1686 1547 1733 1575 ea
1773 1549 1863 1589 quae
1905 1536 1952 1578 ad
1981 1535 2272 1580 humationem

1233 1588 1493 1630 cadaverum
1535 1588 1716 1644 {pecqant
1750 1605 1759 1631 ε

1234 1659 1328 1688 men
1373 1645 1449 1689 lioc
1493 1644 1610 1688 latius
1652 1660 1863 1703 acceptum
1900 1650 2023 1694 sacras
2054 1653 2180 1695 etiam
2214 1667 2274 1695 rcs

1232 1702 1581 1758 com·preliendat;
1615 1702 1728 1747 sicuti
1761 1705 2026 1761 &saneiurm
2058 1710 2273 1762 quodcum

1233 1760 1340 1803 sacro
1384 1759 1651 1804 confunditur
1687 1777 1697 1802 z
1744 1764 1932 1818 quamvis
1978 1765 2102 1809 sanS'ti
2147 1768 2274 1809 etiam

1232 1815 1491 1873 appellentur
1533 1818 1644 1860 muri
1686 1819 1885 1864 Civitatis
1912 1854 1924 1874 ,
1971 1822 2067 1877 quia
2114 1824 2275 1878 publica

1234 1875 1320 1930 lege
1351 1874 1532 1917 sancitur
1554 1907 1563 1920 ,
1587 1891 1646 1919 ne
1677 1877 1766 1925 Quis
1786 1880 2095 1922 eostransiliat:
2130 1884 2171 1923 ἃ
2190 1881 2278 1924 san-

387 1980 407 1990 Ᾰ,
1198 1949 1200 1952 ’
1232 1934 1284 1977 &i
1328 1948 1487 1988 quoque
1519 1949 1540 1974 a
1573 1932 1874 1984 Jurisconsultis
1905 1936 2097 1980 dicuntur
2127 1937 2272 1993 Legati

199 1988 296 2032 Ideo
340 1987 509 2041 cuilibet
548 1989 590 2031 iu
639 1986 829 2031 Flumine
865 1987 1005 2043 piscari
1044 1988 1139 2032 licet
1168 2020 1199 2040 ‚⁷

130 2062 233 2090 ‘cum
277 2044 515 2088 usus·'i'llius
553 2045 600 2088 sit
634 2045 874 2088 >communis
901 2077 914 2098 ,
959 2046 1200 2101 proprietas,

139 2102 299 2160 publica
335 2117 346 2155 ;
397 2103 494 2146 sicut
533 2100 575 2144 &
613 2117 812 2144 venarum
846 2102 1201 2156 metallicarum‚.

137 2176 225 2217 quae
257 2159 346 2202 sunt
377 2161 505 2204 etiarn
527 2158 573 2218 jin
599 2159 786 2202 dominio
817 2159 1062 2214 Populorum
1089 2192 1103 2213 ,
1136 2161 1199 2204 δι’

139 2215 390 2274 Populorum
423 2215 598 2260 >nomine
637 2228 843 2260 ’venerunt
876 2218 919 2259 in
945 2215 1198 2272 dominium

1232 1991 1281 2033 ab
1331 1990 1522 2032 Hostibus
1547 2021 1559 2043 ‚
1599 1991 1668 2033 vel
1710 1992 1756 2034 ad
1786 1993 1932 2036 Hostes
1956 2026 1968 2048 ,
2003 1995 2107 2037 rnissi
2132 2026 2144 2047 ‚
2175 2011 2275 2050 quos

1232 2047 1344 2091 nefas
1376 2047 1429 2090 est
1459 2063 1480 2088 a
1510 2061 1717 2102 quoquam
1749 2050 1968 2104 Hostium,
2003 2051 2065 2094 vel
2100 2052 2273 2095 Civium

1236 2103 1378 2148 violari
1408 2119 1418 2144 τ
1461 2103 1505 2147 &
1553 2105 1622 2160 qui
1655 2119 1722 2148 eos
1756 2105 2040 2162 violaverint,
2072 2109 2269 2152 Hostibus

1231 2162 1432 2206 deduntur
1452 2192 1465 2202 η.
2245 2205 2254 2211 .

1285 2217 1554 2274 Singulorum
1603 2218 1692 2262 sunt
1736 2235 1801 2263 res
1830 2251 1847 2276 a,
1887 2237 1978 2278 'quae
2018 2237 2113 2266 cum
2142 2236 2271 2268 ‘antea

2219 2296 2273 2324 ri-

1228 2346 1420 2377 vatorum
1471 2333 1706 2378 dominium
1751 2349 2023 2389 pervenerunt
2049 2369 2058 2379 .
2103 2338 2171 2381 Est
2190 2297 2274 2382 ,priu-

1233 2404 1315 2434 tem
1367 2391 1601 2434 dominium
1655 2393 1874 2437 arbitrium
1916 2394 1958 2437 &
2002 2394 2062 2446 jus
2107 2395 2153 2438 de
2192 2395 2275 2443 ‘ali-

1231 2465 1309 2505 qua
1369 2464 1410 2491 re
1461 2448 1695 2503 disponendi
1733 2481 1748 2492 -.
1804 2451 1924 2505 Quod
1974 2453 2035 2495 vel
2088 2453 2271 2496 naturale

1229 2507 1283 2549 est
1317 2537 1334 2558 ·,
1377 2504 1495 2561 quale
1531 2505 1771 2549 dominium
1814 2509 1868 2551 est
1915 2509 2108 2554 Mulieris
2152 2510 2194 2552 in
2227 2524 2271 2553 re

1436 2578 1524 2618 quae
1556 2565 1602 2605 ad
1635 2564 1864 2608 Mulie-rem
1896 2568 2057 2623 origine
2092 2567 2156 2609 sua
2190 2566 2273 2619 spe-

1414 2620 1478 2663 vel
1528 2619 1689 2674 civ-ile,
1745 2624 1851 2677 quod
1908 2625 1948 2666 vi
2002 2624 2042 2667 ἃ
2100 2625 2272 2680 potesta.-

1225 2692 1271 2722 ·te
1310 2677 1420 2730 Juris
1459 2677 1706 2722 transfertur
1749 2680 1792 2722 in
1835 2680 1964 2724 alium
1998 2712 2009 2733 ‚
2051 2681 2171 2736 quale
2200 2682 2273 2728 do„-

1229 2621 1312 2664 S’tat
1345 2635 1354 2660 τ

204 2733 318 2788 Ripae
355 2749 512 2788 quoque
557 2734 649 2778 usus
690 2733 743 2777 est
778 2733 958 2788 publicus
991 2751 1003 2789 ς
1036 2751 1179 2792 quam-
1232 2734 1411 2784 minium
1461 2735 1514 2778 est
1540 2767 1552 2788 ,
1595 2735 1700 2789 quod
1744 2736 1808 2781 lex
1858 2738 1900 2781 in
1937 2739 2083 2782 eadem
2129 2754 2169 2784 re
2201 2740 2273 2781 do-

139 2791 201 2832 vis
241 2792 462 2845 proprietas
507 2790 551 2833 fit
592 2790 847 2846 singulorum
896 2824 907 2846 ,
950 2792 1016 2850 qui
1058 2809 1178 2850 prope
1206 2791 1315 2849 ‚talia
1349 2806 1541 2836 manente
1583 2793 1863 2839 Matrimonio
1890 2827 1903 2849 ‚
1946 2796 2133 2848 concedit
2174 2796 2273 2838 Ma⁴

145 2849 296 2891 Praedia
353 2847 583 2902 possident:
630 2849 798 2903 ideoque
859 2849 954 2894 licet
987 2852 1180 2896 omnibus

134 2921 265 2950 -onera
305 2905 349 2949 in
390 2904 498 2961 Ripa
521 2905 718 2961 deponere
745 2936 757 2957 ‚
805 2920 853 2949 ac
894 2907 1010 2952 funes
1050 2910 1164 2953 Arbo

141 3094 264 3106 u—--
518 3093 627 3102 ——.

169 3151 252 3190 (a)
277 3153 315 3183 L.
337 3149 465 3193 penult,
495 3153 532 3183 C.
556 3153 594 3183 de
616 3149 690 3189 jur.
725 3151 794 3184 dor.

1206 2853 1210 2886 ἕ
1226 2851 1310 2894 rito
1342 2880 1352 2891 .

1291 2852 1678 2953 iteniaciominium
1715 2909 1786 2953 vel
1817 2909 1991 2966 plenum
2023 2909 2076 2953 est
2114 2940 2127 2962 ,
2174 2923 2272 2971 cum

2174 2980 2271 3021 vquis

1228 3091 2160 3112 —qu-h———u——rnn———u—
2166 3093 2277 3109 -ι--φ

1811 1593 1998 1646 quamvis
2046 1609 2155 1639 nunc
2199 1610 2273 1637 no·
2340 1595 2343 1597 ’
