2451 3470
196 127 268 196 78
661 126 1826 202 J.V.GRAV1-NAE

192 202 360 265 batione
404 201 628 268 hominurn
668 205 712 248 δ(
745 218 896 270 naturae
929 207 1128 251 immotus
1152 238 1163 259 ‚
1196 206 1237 249 8<
1290 225 1356 265 pes
1397 223 1516 268 atque
1550 211 1678 256 vitam
1712 214 1873 257 suorum
1903 225 2048 260 contra
2081 215 2327 272 potentioris

188 273 235 302 m
266 276 481 306 commum
520 262 674 316 pallore
706 262 960 327 praefulgnius
994 297 1005 317 ‚
1038 265 1233 319 guberna·
1289 283 1462 323 regnum
1493 271 1758 324 opponebant
1784 303 1794 314 .
1829 272 1923 326 Quo
1954 272 2166 318 literarum
2198 275 2326 319 exilio

186 318 475 373 culo“repente
507 332 673 374 arreptor
697 351 709 372 ‚
764 335 931 372 vocibus
961 322 1003 364 ὅ(
1035 322 1239 375 exemplis
1283 325 1451 369 Graeciae
1505 326 1806 382 depopulator,
1851 340 2059 386 utcunque
2112 331 2324 375 muniatur

187 378 444 421 exanimatos
469 377 646 440 'comites
677 376 860 432 erigebas
887 411 899 431 ‚
928 396 973 421 ac
1006 378 1230 440 dilabentes
1281 394 1429 425 eontra
1457 383 1542 426 suos
1575 415 1587 436 ,
1638 384 1799 436 injuriis
1831 397 1968 429 tamen
1999 388 2221 442 exponitur
2251 404 2320 433 ex-

185 449 404 481 nautarum
438 449 540 478 vires
574 434 811 497 revocabas,
843 436 1075 491 ridebatque
1104 447 1222 479 timo·
1278 451 1461 485 terorum
1484 472 1497 494 ,
1544 454 1686 493 utpote
1729 441 1811 485 illis
1855 456 2086 487 exarmatus
2131 446 2284 489 artibus
2305 477 2321 501 ,

183 509 271 537 rem
313 510 459 539 eorum
485 525 497 546 ,
539 507 607 546 qui
640 491 839 534 nescirent
872 492 986 544 cujus
1015 493 1226 536 fortunam
1275 497 1419 551 quibus
1444 529 1457 551 ‚
1506 508 1549 540 ut
1583 498 1800 543 Poetarum
1829 499 2085 545 documentis
2119 515 2280 546 utamur
2304 535 2318 557 ,

184 552 319 597 secum
351 552 577 596 haberent:
625 548 753 591 donec
785 564 896 593 mare
922 582 938 603 ,
969 551 1092 594 veluti
1125 567 1224 595 con·
1280 556 1460 597 Martem
1492 566 1687 610 perpetuo
1716 557 1914 600 Minerva
1942 557 2122 611 superat,
2154 559 2318 615 quibus.

179 612 326 656 stantia
357 624 423 652 tua
454 605 654 665 domitum
673 605 1221 665 ‚cederetffelinqueretque

178 670 255 713 tibi
287 666 500 711 viffloriam
535 665 803 706 trementium
834 664 878 708 ἃ
909 666 1221 721 indignantium

173 725 468 784 procellarum.
501 723 592 765 Hac
624 721 763 784 eadem
796 735 836 765 te
868 724 1092 767 constantia
1114 737 1216 767 tem·

172 786 362 842 pestatem
397 782 511 825 illam
528 778 853 834 perdomitorum
871 779 1071 836 speramus
1085 813 1098 836 ‚
1130 797 1218 837 quae

168 841 335 900 proprio
367 839 521 882 avertit
552 852 575 880 e
605 833 719 878 fonte
755 836 922 891 literas,
957 838 1219 894 victoriisque

167 898 250 948 tuis
281 898 524 945 confidimus
552 927 569 945 ,
607 893 779 937 Graeciae
809 893 973 938 clavum
1006 895 1053 938 de
1087 912 1215 940 manu

165 959 354 1005 barbarice
403 956 449 999 ad
484 951 722 1009 {apientiam
756 951 980 996 rediturum
1010 983 1020 996 .
1062 953 1213 997 Minus

164 1035 259 1063 vero
292 1013 537 1059 mirabimur
568 1009 681 1063 fore,
712 1023 756 1052 ut
789 1009 958 1054 illorum
993 1010 1105 1053 frena
1137 1027 1206 1066 po-

162 1076 356 1133 pulorum
399 1088 420 1115 e
454 1068 647 1127 potestate
680 1067 940 1111 crudelissimi
975 1069 1207 1113 dominato-

161 1133 215 1177 ris
247 1133 294 1176 ad
325 1144 363 1175 te
399 1127 614 1172 transferas
645 1123 892 1188 aliquando,
925 1124 953 1168 fi
984 1139 1125 1169 eorum
1144 1128 1184 1170 in

158 1190 281 1248 genia
313 1203 408 1234 cum
442 1185 767 1229 institutionibus
799 1184 879 1226 tuis
913 1215 923 1235 ‚
957 1185 1204 1240 tyrannique

1273 625 1349 665 que
1383 611 1586 667 superatus
1616 611 1697 667 ipse
1730 613 1850 657 toties
1883 614 2023 658 nostris
2047 615 2314 673 temporibus,

1267 667 1310 730 <Sc
1342 666 1447 710 fusus
1480 681 1584 711 terra
1616 670 1800 727 marique
1831 688 1854 714 a
1885 672 2109 715 Germanis
2132 704 2149 726 ‚
2194 673 2314 716 Polo-

1268 739 1330 767 nis
1360 756 1372 778 ,
1405 725 1448 768 8<
1482 725 1658 770 Venetis
1686 743 1809 783 regna
1842 728 2002 784 integra
2031 728 2086 772 &·
2106 731 2309 774 exercitus

1267 782 1609 842 numerosissimos
1637 784 1680 826 ἃ
1715 786 1771 828 rei
1790 784 1982 828 militaris
1997 784 2172 840 gloriam
2194 802 2312 843 pror-

1265 846 1324 881 sus
1355 839 1513 885 amifit.
1547 842 1686 896 Atque
1718 843 1815 885 adeo
1849 841 1918 885 ille
1950 842 2212 887 immanitate
2246 844 2310 888 sua

1262 896 1467 951 obstupuit
1495 928 1507 950 ‚
1550 912 1600 943 ut.
1640 914 1722 941 non
1756 898 1968 955 intelligat
2001 914 2142 953 poenas
2172 932 2184 953 ‚
2216 902 2306 958 qui·
2369 922 2375 927 ·

1262 952 1334 995 bus
1365 965 1454 999 toto
1484 969 1616 1011 regno
1647 955 1717 998 suo.
1745 957 1995 1013 persequitur
2022 956 2160 1000 kitcras
2190 989 2202 1010 ‚
2235 974 2308 1002 ex-

1261 1023 1402 1062 petere
1430 1011 1475 1055 in
1506 1024 1628 1066 caput
1660 1012 1804 1067 ipsius,
1837 1029 1923 1057 non
1954 1013 2086 1058 solum
2110 1029 2160 1057 ex
2187 1015 2308 1059 disso-

1259 1066 1416 1111 lutione
1449 1069 1644 1113 militaris
1674 1070 1717 1113 8<
1751 1071 1887 1115 civilis
1919 1070 2143 1126 disciplinae
2171 1102 2184 1124 ‚
2214 1088 2305 1128 quae

1258 1123 1453 1185 sapientia
1494 1126 1538 1169 δε
1584 1126 1822 1183 cognitione
1872 1143 2006 1172 rerum
2039 1128 2304 1184 continetur3

1257 1183 1315 1224 led
1348 1183 1474 1226 etiam
1507 1183 1601 1236 quia
1633 1217 1645 1237 ‚
1678 1185 1751 1227 nili
1785 1184 1954 1228 alumna
1985 1184 2205 1228 studiorum
2238 1201 2302 1229 ra-

159 1249 268 1293 illius
311 1244 519 1301 ignaviam
564 1256 659 1285 cum
692 1253 760 1283 tua
795 1241 967 1284 militari
1000 1241 1204 1299 dignaque
1255 1239 1311 1281 tio
1343 1241 1388 1283 ad
1423 1241 1590 1295 privatae
1623 1241 1869 1298 publicaeque
1901 1243 1996 1285 vitae
2016 1242 2199 1297 regimen
2230 1243 2298 1286 ad·-

157 1309 270 1362 Rege
303 1305 388 1347 vita
420 1313 719 1356 componamus
743 1329 752 1340 .
803 1298 990 1348 Indeniis
1022 1298 1091 1341 ille
1124 1300 1201 1344 im·
1252 1309 1491 1351 moveatur,
1520 1314 1567 1342 ac
1600 1301 1781 1353 virtute,
1814 1299 1986 1342 rationis
2001 1298 2299 1352 ministra,vo-

156 1375 268 1420 perat
301 1360 548 1404 volubilibus
577 1357 619 1399 ἃ
650 1355 804 1409 acutis,
839 1371 967 1412 neque
983 1355 1201 1402 formidine
1231 1353 1471 1408 'lupi-atibus
1499 1355 1724 1407 resistatur,
1754 1357 1864 1400 inter
1890 1356 2297 1401 muliebr-&Semer-

153 1421 239 1465 ulla
269 1419 364 1472 diu,
398 1417 459 1461 sed
491 1413 672 1472 praesenti
709 1412 788 1456 sola
807 1446 819 1467 ‚
848 1414 977 1469 quoad
1006 1413 1196 1458 incubue-
1250 1424 1362 1454 vatos
1395 1411 1564 1467 populos
1595 1413 1942 1457 mulierosiffimus
1972 1412 2016 1456 δι
2041 1415 2295 1457 enervatiffi-

154 1478 210 1523 rit
241 1510 255 1531 ‚
285 1478 517 1533 ignorantia
551 1471 782 1516 coercendis
815 1503 824 1513 .
869 1473 994 1515 Hanc
1026 1471 1097 1515 ille
1130 1473 1195 1515 fibi

150 1595 194 1638 ἅ
238 1603 497 1648 praeceptores
539 1587 816 1631 dominarum
851 1586 1021 1642 populos
1049 1619 1059 1629 ,
1104 1590 1195 1631 Hac

1219 1506 1225 1549 1

154 1534 381 1591 tyrannidis
427 1547 559 1576 arcem
607 1530 790 1573 condidit
819 1530 930 1571 inter
963 1529 1223 1573 inventores:

1249 1484 1339 1511 mus
1371 1468 1563 1525 Princeps
1593 1502 1606 1522 ‚
1650 1472 1783 1523 Regni
1817 1471 1967 1514 oblitus
1997 1470 2041 1512 ἃ
2074 1469 2128 1513 sui
2165 1502 2177 1524 ,
2209 1470 2291 1514 levi

1249 1526 1413 1582 negotio
1456 1527 1503 1570 de
1549 1527 1709 1581 imperii
1755 1543 1802 1571 ac
1835 1527 1930 1571 vitae
1962 1527 2192 1582 possessione
2224 1527 2292 1572 de-

1246 1584 1411 1627 ciderit.
1443 1584 1563 1640 Quod
1595 1585 1865 1628 atrocissimus
1925 1583 2197 1628 humanitatis
2213 1585 2289 1628 ho-

150 1650 395 1694 violentiam
440 1659 573 1695 tuetur
599 1677 610 1698 ‚
655 1644 731 1688 hac
776 1643 913 1689 munit
946 1644 1159 1688 libidinem
1185 1678 1194 1688 .
1244 1642 1333 1694 stis,
1368 1640 1444 1684 nisi
1475 1639 1600 1685 vellet
1629 1641 1815 1686 consulto
1845 1640 2047 1704 desipere,
2080 1640 2171 1685 satis
2197 1642 2287 1686 edo-

148 1711 274 1754 Hanc
326 1705 491 1750 adhibet
542 1702 822 1751 administram
873 1700 919 1744 ad

147 1766 236 1809 dos·
259 1763 418 1808 animos
448 1794 463 1817 ‚
491 1762 534 1806 δε
563 1758 888 1815 extinguendum
923 1759 1077 1803 sensum
1110 1760 1190 1804 im-

146 1822 282 1881 pofirae
327 1819 530 1871 servitutis
567 1835 576 1860 :
625 1833 748 1873 quam
795 1816 836 1859 vi
885 1816 987 1859 olim
1032 1817 1188 1872 subiit,

144 1896 259 1925 nunc
314 1894 408 1921 vero
453 1875 580 1920 nescia
627 1876 681 1918 sui
724 1873 845 1928 ipsius
888 1887 1061 1929 quatuor
1105 1874 1188 1927 jam

145 1937 277 1981 secula
326 1936 408 1978 solo
456 1936 611 1988 stupore
643 1931 790 1975 tolerat
824 1932 937 1975 natio
971 1931 1071 1987 illa,
1099 1949 1189 1990 quae

962 1702 1193 1746 obtunden-
1214 1710 1224 1784 f

1242 1711 1397 1742 seretur
1425 1714 1450 1742 a
1479 1698 1753 1742 vicissitudine
1783 1714 1829 1742 ac
1858 1697 1947 1742 fato
1979 1698 2144 1753 imperii
2182 1698 2236 1742 sui
2270 1731 2283 1753 ‚

1241 1755 1351 1807 cujus
1392 1771 1516 1812 prope
1549 1771 1644 1798 cum
1679 1758 1792 1799 Luna
1824 1755 1990 1810 tyranni
2025 1766 2241 1798 mutantur
2270 1772 2284 1809 3

1239 1813 1344 1869 quasi
1377 1813 1423 1855 ad
1454 1813 1534 1857 hoc
1565 1813 1673 1856 triste
1704 1812 1928 1869 auspicium
1955 1811 2055 1855 illud
2075 1811 2144 1855 sibi
2163 1813 2290 1856 stem·-

1239 1886 1305 1913 ma
1340 1869 1608 1926 susceperint.
1644 1871 1758 1914 Nam
1787 1885 1838 1915 ex
1871 1869 2174 1924 corruptissimo
2209 1885 2282 1924 po-

1235 1927 1363 1982 pulo,
1395 1927 1592 1984 gravioris
1623 1925 1809 1983 cujusque
1841 1926 1959 1969 studii
1990 1925 2149 1981 prorsus
2174 1925 2282 1971 obli-

144 1995 354 2038 Persarnm
407 2008 452 2035 ac
504 1992 632 2034 totius
674 1989 864 2034 Orientis
907 1989 1013 2033 vires
1056 1990 1101 2033 in
1151 1991 1186 2036 se
1239 1997 1307 2040 το,
1341 2000 1463 2040 inque
1497 1984 1579 2028 sola
1611 1984 1778 2039 crapula
1808 1983 2048 2027 &lascivia
2078 1982 2280 2027 exercita,

142 2053 345 2096 irruentes
391 2048 553 2105 exiguis
585 2046 768 2090 militum
801 2046 927 2102 copiis
955 2079 965 2100 ‚
1010 2047 1065 2089 ast
1095 2048 1179 2091 ani·
1235 2054 1305 2097 το,
1335 2042 1498 2098 quando
1531 2056 1615 2085 non
1647 2040 1777 2085 crebri
1808 2057 1858 2085 ex
1889 2039 2034 2084 desidia
2061 2040 2106 2084 ἃ
2130 2041 2278 2096 egesta-

142 2111 223 2153 mis
255 2106 490 2163 ingentibus
517 2137 527 2158 ,
560 2104 753 2160 classeque
787 2103 945 2147 modica
974 2135 986 2156 ‚
1020 2104 1078 2147 sed
1112 2122 1181 2148 au·
1233 2113 1270 2144 te
1301 2099 1604 2144 machinatores
1637 2113 1771 2142 rerum
1814 2113 2013 2141 novarum
2046 2129 2059 2151 ,
2103 2098 2276 2162 yeteris-

142 2167 254 2211 dacia
286 2165 439 2219 prorsus
470 2162 699 2209 admirabili
728 2162 905 2216 repressit
923 2162 1081 2216 primo,
1113 2162 1176 2204 de·
1230 2173 1307 2214 que
1352 2156 1552 2212 Principis
1595 2156 1846 2200 insidiatores
1871 2187 1883 2208 ,
1925 2167 1968 2198 ut
2017 2169 2112 2198 novi
2148 2156 2273 2210 Regis

141 2223 237 2268 inde
269 2220 472 2275 diffolvit,
505 2220 705 2276 postremo
737 2219 804 2261 sub
836 2219 1116 2262 Macedonum
1134 2219 1180 2261 si-

171 2280 231 2324 nis
273 2278 487 2324 dominatu
531 2278 597 2321 suo
642 2290 710 2332 per
742 2275 921 2330 Assyrios
948 2308 961 2331 ,
1005 2275 1179 2330 Medos,

136 2337 274 2382 Persas
302 2368 315 2390 ,
355 2334 569 2382 Chaldaeos
595 2366 608 2388 ‚
650 2333 867 2390 AEgyptios
893 2365 905 2386 ‚
951 2332 1206 2405 Africaequel

138 2408 296 2451 partem
322 2425 335 2448 ‚
367 2405 575 2446 totamque
609 2390 747 2434 Asiam
780 2390 902 2434 effuso
934 2389 987 2432 ita
1020 2391 1175 2433 contri·
1203 2412 1206 2416 v

137 2454 227 2506 vit,
259 2463 303 2494 ut
337 2466 418 2493 non
453 2448 626 2504 imperia
660 2459 820 2491 tantum
842 2479 854 2501 ‚
891 2447 951 2491 sed
981 2448 1176 2491 &nomi-

136 2526 190 2553 na
220 2509 263 2552 ὅ(
295 2508 456 2563 linguas
488 2505 707 2548 nationum
739 2504 934 2549 deleverit
977 2503 1174 2548 aliarum.

191 2566 273 2610 His
304 2580 388 2609 non
421 2562 686 2607 multitudine
710 2593 723 2614 ‚
768 2562 827 2606 sed
860 2562 1001 2605 robore
1031 2593 1043 2615 ‚
1090 2577 1173 2606 non

134 2623 345 2679 opulentia
370 2654 384 2676 ,
431 2620 493 2666 sed
537 2618 798 2675 ingeniorum
830 2619 1054 2674 praestantia
1086 2631 1170 2664 tam

133 2682 235 2724 olim
292 2674 382 2723 late
416 2676 724 2721 dominantibus
767 2677 955 2727 barbarus
994 2676 1174 2729 direptor

133 2754 218 2783 non
259 2736 581 2786 dominaretur,
628 2731 699 2775 nisi
743 2731 896 2774 sublato
930 2733 1084 2786 prorsus
1121 2733 1169 2776 li-

133 2809 311 2839 terarum
360 2793 403 2836 δε

129 2850 318 2908 coegisset
344 2882 356 2905 ‚
399 2866 445 2894 ac
491 2847 624 2891 lucem
665 2844 906 2902 eripuisset,
948 2861 1027 2901 qua
1072 2847 1172 2889 civi-

131 2909 212 2954 lem
253 2909 385 2952 vitam
428 2923 450 2950 a
493 2903 730 2960 captivitate
755 2934 768 2956 ‚
814 2905 975 2957 Regem
1017 2918 1039 2945 a
1073 2919 1167 2957 prae·

130 2967 232 3010 done
262 2996 274 3020 ‚
304 2964 544 3010 servitutem
576 2977 597 3003 a
631 2960 814 3005 libertate
849 2959 1139 3015 distinguerent
1159 2992 1169 3002 .

128 3025 276 3080 Neque
329 3022 409 3065 alia
467 3019 623 3063 ratione
679 3028 867 3072 poterant
914 3015 1166 3068 conjunffim

128 3082 297 3136 turpiter
346 3078 489 3123 servire
532 3075 644 3129 uni,
686 3089 862 3130 quorum
908 3072 1070 3129 singulte
1112 3074 1169 3117 ci-

124 3139 268 3183 vitates
315 3137 358 3182 ἃ
390 3135 535 3193 oppida
568 3147 637 3188 per
669 3131 704 3175 se
738 3129 964 3187 regnabant
992 3162 1005 3185 ‚
1048 3130 1090 3174 ὃ(
1122 3147 1167 3176 ο-

460 2788 611 2835 mentis
664 2788 734 2832 usu
787 2804 854 2834 eos
895 2789 1172 2833 obbrutescere
1224 2802 1245 2841 p

1229 2214 1517 2271 largitionibus
1547 2213 1741 2269 expleant
1770 2212 2035 2267 cupiditatem
2065 2211 2110 2254 &
2136 2212 2273 2255 libidi-

1229 2288 1322 2318 nem
1355 2271 1499 2324 illam,
1529 2269 1573 2314 in
1605 2286 1728 2326 quam
1761 2269 1907 2325 prioris
1937 2267 2095 2313 domini
2122 2268 2268 2312 benefi-

1201 2349 1205 2361 2
1225 2331 1289 2377 cia
1320 2328 1474 2381 jamdiu
1505 2327 1810 2372 absumserunt?
1841 2325 1945 2389 Quis
1969 2341 2065 2368 vero
2080 2340 2162 2367 non
2178 2339 2264 2367 ma-

1224 2387 1285 2442 gis
1327 2386 1608 2430 inflammetur
1655 2384 1720 2438 spe
1752 2382 1992 2427 recentioris
2022 2380 2266 2432 commodi,

1224 2459 1348 2500 quam
1380 2444 1530 2489 timore
1545 2441 1783 2487 cohibeatur
1805 2440 1944 2492 illius,
1972 2453 2095 2494 quem
2113 2437 2263 2500 semper

1224 2502 1327 2544 vidit
1372 2515 1397 2544 e
1435 2514 1628 2564 gynaeceo
1660 2497 1928 2553 prodeuntem
1954 2527 1967 2549 ‚
2016 2507 2136 2550 atque
2169 2493 2265 2556 binc

1222 2559 1416 2613 cynaedo,
1448 2553 1569 2604 illinc
1601 2553 1842 2599 muliercula
1877 2552 2025 2596 nixum
2058 2553 2262 2596 castram-

1223 2616 1424 2660 visentem
1449 2643 1465 2666 ‚
1509 2612 1811 2669 spadonumque
1861 2624 2012 2666 agmen
2045 2608 2259 2670 ducentem

1220 2686 1316 2716 ante
1357 2670 1515 2713 milites
1543 2700 1558 2722 ‚
1601 2667 1784 2724 bellaque
1830 2666 1896 2710 sua
1926 2665 2183 2710 meretrimm
2215 2677 2259 2705 m

1219 2728 1379 2784 gremio
1412 2738 1657 2782 gerentem3
1687 2724 1729 2768 δι
1762 2724 1868 2769 inter
1899 2723 2115 2783 impudicos
2141 2734 2258 2761 com-

1251 2786 1362 2828 }exus
1418 2782 1595 2828 aliorum
1640 2780 1820 2837 pericula
1863 2797 1912 2824 ex
1955 2796 2046 2825 arce
2077 2773 2252 2839 spssffaq-

1223 2855 1306 2885 tem
1334 2845 1358 2882 Ρ
1399 2842 1527 2883 Hunc
1571 2848 1664 2882 ante
1697 2840 1739 2881 in
1773 2838 1897 2882 cubili
1931 2838 2037 2881 suoa
2073 2829 2255 2894 llbldhlm-

1222 2901 1328 2952 bus,
1374 2913 1496 2952 quarn
1550 2912 1593 2938 in
1645 2896 1729 2940 acie
1772 2896 1823 2938 ab
1868 2896 2028 2938 honnus
2059 2888 2249 2952 proffiga-

1222 2971 1308 2998 tum
1335 2986 1347 3008 ‚
1389 2966 1509 3008 atque
1552 2970 1573 2996 a
1618 2951 1794 3008 propriis
1839 2951 1933 2995 vitii*
1979 2945 2116 3007 psat-dte
2146 2946 2249 2989 alio-

1221 3029 1310 3056 rum
1355 3010 1557 3062 Obie-stum
1592 3043 1604 3063 ‚
1657 3025 1780 3066 quern
1824 3024 1881 3053 no
1916 3000 2060 3063 ,Latlfss
2115 3001 2246 3067 adh-uc

1221 3070 1336 3112 nullo
1368 3067 1465 3120 juxis
1496 3067 1675 3123 praesidio
1701 3099 1713 3120 ,
1757 3065 1851 3110 null‘
1887 3069 2052 3099 Vlfffltss
2081 3073 2246 3114 Oplmo-

1220 3143 1268 3171 ne
1296 3159 1310 3182 ,
1361 3126 1421 3170 scd
1454 3125 1700 3182 populorum
1732 3124 1846 3168 errre
1874 3142 1886 3165 s
1932 3113 2161 3215 Ἡῡίῖῑὶῖίξυεξ
2184 3115 2247 3161 di-

2157 3188 2243 3217 cor-
