2451 3470
618 78 1737 159 ORA‘TtoNEs.

113 182 379 231 tolerantiam
412 213 425 236 ‚
456 181 498 225 ἅ
530 179 842 224 commodorum
880 175 1152 239 voluntariam

119 241 459 288 communionem
494 236 669 281 instituit
696 248 703 272 ε
738 243 1089 295 quamvis‘igitur·
1113 247 1153 273 a-

110 301 287 356 liquibus
333 297 671 351 Philosophorum
703 291 964 335 interluxerit
995 300 1155 351 veritas

114 360 196 400 hoec
249 354 521 398 humanitatis
564 354 612 394 ab
657 349 814 405 origine
859 347 923 388 sua
965 356 1152 406 vitiatae,

113 413 222 471 quod
253 413 420 469 quidam
452 411 674 467 significare
708 407 866 468 videtur
895 433 907 455 ,
939 416 1034 445 curn
1066 412 1152 454 ait,

115 484 405 527 praeceptorem
440 470 552 511 suum
587 461 851 524 intellexisse?

369 528 517 570 vitium
548 541 624 568 vas
654 520 798 577 efficere
829 516 959 580 zpsum
1022 573 1029 580 α

233 585 455 640 Omniaque
485 581 606 638 ipsius
636 580 738 622 vitio
768 583 1147 638 corrumpterzrftus:

108 655 256 686 tamen
287 641 439 685 mederi
473 639 584 682 malo
615 652 697 679 non
733 641 1147 694 poterantgquiato-

113 712 205 743 tum
240 699 317 742 hoc
358 698 549 740 divinum
593 706 677 736 erat
728 689 994 751 reparationis
1023 702 1145 741 opus:

112 756 258 800 deinde
291 755 396 810 quod
424 751 577 797 coelesti
611 751 687 792 boc
719 745 947 790 ministerio
969 744 1148 786 *duarum

111 827 276 856 caruere
308 812 505 854 virtutum
535 839 547 862 ‚
589 820 760 861 quarum
791 801 920 844 altera
952 800 1150 863 cupiditas

109 882 194 912 tem
219 898 232 922 ‚
272 867 400 910 altera
441 865 630 920 oppressit
663 863 767 906 iram
791 891 804 912 ,
836 871 880 901 ut
911 857 1145 922 Philosophi

105 937 268 968 tantuin
292 925 347 968 vad
378 921 692 967 exscindendam
715 950 728 972 ,
780 917 839 959 hae
871 915 1148 979 vei-odivirrae

104 981 294 1025 satellites
338 984 388 1024 ad·
425 978 688 1025 evellendam
730 975 918 1018 arborem
949 984 1156 1037 vitiorum*

104 1039 352 1083 incumbant
380 1070 389 1080 .
438 1037 519 1092 Qui
567 1036 642 1079 sese
686 1033 814 1090 igitur
844 1030 1107 1075 contemserit
1132 1063 1145 1086 ‚

102 1096 210 1140 haud
242 1096 414 1152 indigne
447 1095 579 1146 feret,
611 1093 638 1135 si
658 1090 1144 1151 abaliiscontemnetur‚

101 1154 144 1198 8<
177 1153 284 1196 laesus
317 1169 457 1208 poenas
490 1167 572 1194 non
607 1150 783 1204 reposcet
810 1163 822 1200 3
857 1146 917 1189 sed
951 1144 1057 1188 ultro
1083 1161 1139 1188 re-

101 1212 272 1254 mittens
299 1211 528 1263 ultionem,
561 1208 646 1251 imo
670 1208 711 1249 δε
745 1220 859 1247 novae
885 1202 1144 1246 seseofferens

101 1268 259 1319 injuriae
309 1299 321 1321 ‚

106 1326 209 1368 iram
229 1341 241 1378 3
258 1325 316 1368 sed
335 1324 483 1379 pudore
501 1322 649 1366 afficiet
666 1318 927 1376 aggressorem
942 1332 1142 1373 ‚eumque

111 1384 161 1425 ab
194 1382 366 1425 inimico
388 1381 459 1424 fibi
485 1381 667 1423 amicum
691 1377 734 1421 δε.
763 1375 993 1419 obnoxium
1009 1376 1162 1418 reddet'

112 1438 192 1482 sola
222 1439 448 1494 patientia,
481 1437 544 1480 seu
575 1435 712 1490 potius
743 1432 1029 1489 magnitudine
1054 1434 1140 1475 ani-

99 1497 160 1539 mi
179 1494 538 1551 .Magnifioentius
552 1494 603 1536 est
616 1491 731 1537 enim
748 1490 978 1534 condonare
993 1522 1004 1544 ,
1019 1505 1147 1546 quam

103 1553 310 1595 vindicare
342 1552 560 1602 injuriam:
597 1566 678 1593 non
712 1548 1143 1593 enim'condonamus

99 1609 174 1652 nisi
208 1610 342 1662 visto,
373 1625 450 1652 nec
483 1607 717 1652 ulciscimur·
748 1606 820 1649 nisi
837 1605 1142 1658 majorem‚aut

102 1681 269 1722 parem3
300 1678 372 1719 ut,
405 1665 474 1722 qui
506 1664 761 1708 obliviscitur
788 1662 1034 1714 injuriarum
1070 1694 1081 1716 ‚
1116 1662 1160 1709 si,

38 1757 41 1760 .
95 1739 180 1766 non
216 1725 400 1778 potentia
432 1721 640 1777 corporis,
671 1733 713 1763 at
738 1719 974 1764 celsitudine
991 1719 1142 1765 mentis

98 1780 279 1823 vindicat
313 1779 562 1832 inimicum,
596 1777 743 1833 sibique
776 1791 894 1832 atque
926 1778 1016 1820 aliis
1032 1784 1161 1821 tran-J

96 1837 346 1893 quillitatem
362 1839 514 1893 pariat:
535 1837 636 1879 ultio
651 1851 764 1878 enim
778 1834 986 1890 germinat
1003 1868 1016 1889 ,
1030 1836 1142 1879 mul-

100 1894 340 1950 tiplicatque
389 1895 480 1938 odia
503 1892 544 1937 δί
570 1892 748 1948 pericula
778 1908 789 1944 ς
835 1892 1012 1935 remissio
1046 1909 1141 1935 vero

101 1953 222 1994 vertit
236 1953 374 1994 odium
393 1952 433 1995 in
450 1967 658 1994 amorem.
693 1952 756 1993 Ac
771 1949 796 1991 si
811 1950 856 1992 de
873 1951 988 1992 nobis
1003 1951 1137 1993 humi-

99 2008 194 2052 liter
228 2009 434 2052 sentiendo
456 2041 468 2060 ‚
499 2009 677 2064 aliosque
697 2007 787 2050 'Dei
819 2007 935 2049 causa
962 2008 1138 2061 diligen-

94 2067 149 2108 do
174 2098 185 2117 ‚
230 2066 348 2109 facile
391 2065 570 2108 feremus
615 2063 782 2116 injurias
832 2063 1098 2109 inimicorum
1126 2098 1138 2118 ‚

99 2123 221 2178 longe
255 2123 414 2166 facilius
443 2122 647 2175 aliorum,
673 2137 719 2164 ac
755 2120 952 2176 praecipue
984 2125 1136 2166 amico-

94 2196 188 2224 rum
205 2212 217 2231 ,
235 2182 333 2223 vitia
350 2179 626 2223 sustinebimus
645 2211 654 2220 .
683 2177 1138 2233 Introspicientesenim

94 2237 232 2280 'animi
273 2238 392 2279 nostri
405 2237 538 2280 labeni
556 2268 568 2289 ‚
601 2237 835 2290 trabemque
849 2235 976 2279 oculis
997 2238 1138 2280 nostris

96 2293 294 2346 objeetam
321 2294 593 2349 expendentes
625 2325 636 2346 ,
688 2307 760 2347 pro
783 2293 917 2335 nihilo
944 2293 1138 2338 ducemus

99 2351 232 2396 aliena
278 2352 411 2395 ulcera
455 2351 498 2393 ὃς
532 2351 722 2394 festucam
757 2350 798 2392 in
824 2349 954 2393 ocul-is
981 2351 1136 2395 amico-

101 2424 192 2452 rum
216 2425 232 2462 ς
269 2410 363 2453 ideo
403 2409 493 2452 aliis
525 2408 771 2464 parcendum
806 2406 1041 2462 putabimus
1064 2440 1080 2463 ‚
1111 2408 1138 2452 fi

101 2466 216 2509 nobis
244 2482 292 2510 ut
325 2479 537 2521 pareatur,
569 2477 829 2521 expetamus⁴

157 2523 267 2578 Quid
293 2539 388 2567 vero
401 2524 534 2567 dicam
549 2523 596 2566 de
612 2522 804 2566 molestiis
820 2554 831 2576 ‚
862 2538 950 2579 quae
966 2523 1138 2567 veniunt

99 2597 122 2624 a
137 2580 557 2624 rebusinsenfibilibus
572 2613 583 2634 ‚
598 2581 643 2623 de
659 2580 874 2634 morbis‚de
889 2582 1141 2636 tempestate,

99 2639 148 2682 de
172 2636 322 2688 ja&ura
346 2638 401 2680 rei
416 2637 629 2681 fami-liaris
643 2670 654 2690 ‚
687 2638 733 2681 de
752 2649 880 2681 morte
896 2651 1016 2693 atque
1033 2638 1142 2682 cala·

99 2694 248 2744 mitate
263 2694 597 2739 necessariorum?
621 2695 704 2738 haec
724 2695 867 2738 orn-nia

97 2745 286 2796 militurn
325 2751 457 2806 copiis
482 2783 494 2804 ‚
543 2767 673 2808 neque
699 2769 831 2809 ‚opum
864 2753 1111 2797 abundantia
1132 2786 1143 2807 ‚

99 2825 231 2865 neque
262 2809 425 2865 imperii
460 2809 741 2864 magnitudine
776 2811 1030 2865 vincuntur,
1065 2811 1144 2855 sola

104 2882 305 2910 nimirum
361 2866 557 2922 patientia
599 2865 834 2909 Christiana
880 2868 1143 2922 superantur.

101 2926 195 2968 Hac
226 2924 366 2967 eadem
396 2923 511 2967 enim
547 2922 698 2965 virtute
720 2953 731 2973 ,
763 2939 841 2978 qua
871 2925 1139 2971 dominamur

100 2980 257 3024 animis
288 2981 429 3024 nostris
466 3012 478 3032 ,
511 2994 570 3022 res
600 2979 727 3022 etiam
762 2979 994 3030 subii-cimus
1026 2984 1145 3026 nobis

103 3050 291 3082 externas
316 3070 329 3091 ,
371 3054 392 3081 a
432 3036 582 3093 quibus
615 3051 685 3092 pro
718 3036 839 3079 modo
873 3038 1143 3093 cupiditatum

94 3095 148 3148 ,in
191 3095 438 3152 adquirendo
482 3094 671 3150 gaudium
697 3124 709 3146 ‚
752 3093 795 3137 ὃ(
839 3092 883 3138 in
910 3095 1143 3141 amittendo

375 1282 460 1310 non
502 1266 637 1309 modo
685 1261 913 1306 exarmabit
962 1259 1164 1303 alienam,

883 2727 895 2748 ‚
911 2711 998 2751 quae
1011 2712 1143 2753 neque
1165 2692 1170 2725 ³

1155 3076 1174 3175 l

2155 138 2226 192 95

1207 172 1408 236 tristitiam
1423 173 1607 239 capimus
1622 208 1631 218 .
1662 180 1835 226 Etenim
1851 185 1916 229 ubi
1932 202 2113 239 mentem
2130 212 2234 239 con-

1203 245 1365 281 μειιηιιε
1377 244 1705 296 ἰη’κῑετηιιιειιεηι
1718 269 1731 291 ,
1765 241 1898 286 nostra
1913 259 2049 291 rerum
2062 253 2229 297 caduca-

1203 301 1294 328 rum
1312 302 1461 349 ·opinio
1483 289 1617 357 statim
1642 307 1913 354 extenuatur,
1944 303 2137 351 &earum
2154 311 2230 354 sive

1201 343 1540 400 adquisitionem,
1571 354 1661 414 mse.
1678 351 1877 403 jacturam
1909 361 2018 404 tanti
2051 379 2134 407 non
2160 382 2232 421 pn„

1202 412 1333 442 tamus
1354 433 1366 455 ‚
1400 415 1443 445 ut
1473 419 1520 447 ex
1553 403 1663 451 felici
1692 441 1705 464 ‚
1747 426 1818 456 aut
1850 416 1949 460 tristi
1980 433 2131 465 eventu
2165 431 2231 466 ad-

1201 458 1369 501 modum
1401 475 1729 526 commutemur.
1763 472 1885 516 Unde
1917 476 2033 520 nobis
2064 478 2227 523 difficile

1201 529 1285 556 non
1328 515 1451 560 fuerit
1494 522 1648 566 inviRa
1690 526 1906 574 tolerantia
1938 548 2078 588 graves
2109 550 2231 592 atque

1198 572 1361 616 acerbos
1412 575 1543 620 levare
1585 595 1631 622 ac
1661 579 1790 629 lenire
1820 588 1952 633 casus.
1983 593 2107 636 Hanc
2138 610 2232 638 vero

1198 629 1454 693 adversorum
1487 633 1746 685 ferendorum
1777 643 1978 692 facilitate
1991 651 2228 704 opulentio-

1199 700 1258 727 res
1292 702 1362 730 vix
1395 689 1678 750 assequuntur,
1713 711 1851 756 utpote
1883 707 1952 760 qui
1985 707 2099 762 plura
2115 711 2236 763 possi-

1196 744 1333 787 dentes
1365 757 1545 811 tenacius
1578 751 1754 799 haereant
1788 761 1900 804 rebus
1915 765 2102 818 caducis,
2132 781 2229 821 qua-

1199 815 1288 843 rum
1333 809 1650 869 amorehirietiti
1682 811 1782 858 alias
1811 817 1952 863 frustra
1986 821 2126 866 tollere
2162 840 2229 866 co-

1198 872 1349 900 nantur
1379 861 1427 902 ad
1458 862 1753 925 divinitatem,
1785 875 1832 916 ad
1864 892 1986 931 quam
2007 895 2201 935 pauperes

1197 926 1339 980 utpote·
1367 933 1389 982 a
1421 920 1537 963 rebus
1568 928 1748 973 externis
1780 934 2050 987 expeditiores
2076 969 2088 990 ‚
2139 914 2230 981 loa-⁵

1195 988 1242 1037 ge
1265 973 1431 1037 felicius
1461 981 1749 1030 convolarint,
1782 990 2004 1036 Subtraffis
2036 996 2149 1038 enim
2170 997 2228 1038 di·

1198 1042 1312 1097 vitus
1341 1033 1385 1077 ἅ
1417 1035 1665 1094 honoribus,
1697 1059 1785 1100 quae
1816 1046 1908 1091 sunt
1941 1051 2139 1095 alimenta
2168 1053 2228 1095 vi-

1195 1102 1362 1144 tiorum,
1381 1090 1550 1150 surgunt
1562 1099 1761 1145 continuo
1774 1105 1961 1158 germina
1975 1123 2045 1163 per
2057 1110 2182 1152 CHR
2195 1112 2228 1151 ἶ-

1192 1148 1364 1210 STUM
1387 1150 1604 1215 ‘conspersa
1620 1156 1821 1220 virtutum
1840 1194 1852 1215 ,
1881 1179 1997 1219 quae,
2029 1166 2057 1208 fi
2077 1168 2227 1210 radices

1191 1217 1352 1261 egerint
1380 1220 1552 1252 interius
1580 1242 1593 1263 ,
1635 1229 1679 1256 in
1708 1219 1957 1264 exteriorem
1985 1223 2114 1266 etiam
2140 1225 2226 1267 cul-

1193 1275 1281 1305 tum
1315 1263 1657 1330 *profunde'ntum
1693 1272 1740 1315 δ(
1772 1275 1893 1319 instar
1920 1279 2077 1322 arboris
2112 1282 2225 1324 bonae

1191 1320 1239 1362 ad
1269 1319 1446 1363 aliorum
1478 1335 1604 1368 etlam
1628 1330 1866 1386 exemplum
1883 1334 1978 1390 saepe
1994 1337 2226 1381 florebunt.

1249 1379 1410 1420 Contra
1455 1395 1550 1423 vero
1597 1383 1888 1433 Pharisaeorum
1935 1393 2098 1447 pietas,
2131 1411 2228 1449 quo.

1193 1450 1283 1478 rum
1329 1450 1542 1502 nunquam
1579 1442 1745 1496 «copiam
1789 1446 2020 1493 defuturam
2068 1453 2226 1494 Pauli-ss

1159 1493 1233 1552 q&
1279 1493 1463 1536 Christus
1507 1495 1590 1561 lpse·
1631 1502 1850 1557 praedixit,
1905 1506 2029 1550 instar
2072 1510 2225 1551 arboris

1192 1551 1309 1594 malae
1359 1551 1491 1594 malos
1536 1566 1664 1599 etiam
1710 1558 1861 1604 ferebat
1895 1562 2086 1607 frustus:
2141 1583 2223 1609 non

1189 1610 1304 1654 enim
1340 1610 1534 1676 gignebat
1566 1613 1640 1676 nisi
1671 1615 1925 1663 simulatores
1957 1622 2119 1676 pietatis
2154 1641 2225 1678 pa-

1192 1682 1253 1711 res
1283 1669 1485 1726 magistris
1509 1685 1649 1734 „quia
1682 1673 1823 1720 ritibus
1854 1690 2019 1722 tantum
2051 1696 2227 1737 occupa-

1193 1725 1342 1770 bantur
1379 1739 1599 1770 externis.
1645 1731 1823 1776 Interius
1872 1751 1967 1778 vei-o
2003 1737 2224 1781 volvebant

1190 1798 1321 1847 avara·
1352 1783 1396 1827 &
1426 1784 1640 1828 ambitiosa
1672 1790 1838 1833 consilia
1868 1824 1883 1845 ‚
1923 1794 2070 1849 quibus
2101 1812 2224 1851 expe-

1190 1840 1346 1905 diendis
1376 1843 1603 1907 imaginem
1637 1844 1834 1902 sumpsere
1862 1850 2127 1904 iibiperfectae
2142 1856 2225 1896 vir-

1190 1910 1315 1951 tutis3
1350 1914 1460 1951 cujus
1490 1916 1712 1956 opinione,
1747 1907 1987 1959 pravitatem
2011 1912 2139 1952 animi
2164 1911 2224 1954 sui

1191 1968 1402 2020 tegentes,
1436 1956 1578 2008 majori
1611 1961 1852 2005 austoritate
1885 1965 1989 2018 apud
2023 1967 2222 2021 populum

1189 2014 1232 2057 ὃς
1285 2014 1539 2069 magistratus
1585 2017 1714 2061 vitam
1764 2019 2123 2066 calumniabantur
2153 2039 2224 2068 eo-

1192 2086 1282 2114 rum
1310 2103 1321 2124 ,
1367 2071 1478 2126 super
1519 2088 1693 2128 quorum
1725 2078 1843 2119 ruina
1873 2078 2116 2133 dignitatern
2152 2081 2221 2125 sibi

1189 2128 1434 2172 molirentur
1459 2160 1468 2171 .
1516 2131 1630 2174 Hinc
1674 2148 1696 2175 a
1728 2134 1908 2178 CHRIS
1925 2138 1995 2177 [O
2030 2137 2220 2184 sepulcris

1189 2187 1531 2240 comparabantur
1562 2220 1574 2242 ‚
1607 2204 1693 2245 quae
1726 2185 2082 2247 magnificentia&
2112 2195 2222 2241 suam

1188 2259 1362 2300 ornnem
1396 2259 1591 2300 promunt
1623 2248 1878 2302 extrorsum,
1910 2251 2131 2294 introrsum
2153 2269 2224 2296 ve-

1189 2317 1234 2342 ro
1266 2301 1324 2344 nil
1360 2301 1432 2345 nisi
1468 2315 1702 2357 putrorem‚
1737 2307 1951 2363 tabemque
1984 2310 2217 2364 recipiunt.

1161 2359 1320 2423 'Hinc‘
1345 2358 1394 2423 ab
1437 2358 1509 2402 illo
1542 2360 1766 2416 hypocritae
1797 2366 2134 2422 appellabantzzr,
2166 2369 2233 2411 *ii--

1189 2431 1237 2479 ve
1281 2416 1495 2460 histriones
1523 2434 1536 2470 3
1579 2433 1803 2474 propterea
1834 2424 1939 2478 quod
1964 2425 2225 2480 applicarent

1160 2460 1303 2525 {vitiis
1336 2474 1547 2530 personam
1581 2478 1818 2533 probitatis,
1850 2480 2086 2525 &livorem
2109 2488 2223 2527 suum

1161 2528 1388 2596 :religione
1419 2546 1684 2588 praetexerent
1711 2553 1721 2577 z
1765 2535 1910 2593 quibus
1943 2539 2143 2582 fraudibus
2176 2539 2222 2583 in

1164 2587 1266 2654 ibae
1319 2601 1401 2631 vita
1432 2621 1445 2643 ‚
1498 2589 1606 2634 velut
1655 2592 1700 2635 in
1750 2593 1874 2637 scaena
1919 2609 2127 2651 tantopere
2160 2611 2224 2641 at-

1164 2644 1465 2700 }tollebantur‚
1497 2659 1540 2690 ut
1571 2649 1621 2692 ab
1651 2651 1842 2695 omnibus
1873 2653 2222 2697 damnandidam-

1166 2716 1339 2767 x,natent
1383 2719 1527 2748 omnes
1553 2737 1565 2758 ‚
1608 2705 1668 2758 ius
1715 2708 1895 2752 dicentes
1928 2711 1976 2754 iis
2001 2743 2013 2766 ,
2045 2728 2221 2768 quorum

1166 2761 1387 2822 jyudicium
1433 2761 1560 2806 subire
1603 2765 1824 2810 debuissent
1858 2800 1870 2821 ,
1919 2767 1962 2811 ὃς
2005 2783 2222 2824 praecepto-

1167 2834 1286 2862 :rum
1335 2833 1468 2876 partes
1512 2836 1717 2879 agentes,
1762 2841 1860 2868 cuin
1912 2827 2072 2869 transire
2104 2841 2224 2882 opor·

1175 2876 1326 2921 ,tuiffet
1370 2876 1418 2940 ad
1463 2877 1677 2934 discipulos
1709 2913 1720 2933 ‚
1765 2897 1848 2925 non
1883 2882 2010 2926 solum
2046 2899 2087 2926 ut
2118 2883 2221 2926 alio-

1196 2947 1287 2976 rum
1320 2949 1583 2990 acciperent,
1622 2937 1681 2981 sed
1715 2951 1758 2981 ut
1792 2942 2077 2984 veteratoriam
2113 2942 2222 2982 suam

1194 2990 1444 3045 deponerent
1476 3006 1623 3054 'artem
1676 2994 2018 3054 vaferrimamque
2068 2997 2220 3041 doetri-

1191 3061 1291 3090 nam
1335 3078 1346 3101 ,
1421 3064 1532 3099 cuius
1602 3051 1871 3096 fraudulentia
1935 3055 2088 3110 serpens
2148 3067 2219 3107 per

1194 3117 1267 3147 nos
1309 3119 1377 3148 vas
1418 3105 1651 3151 divinarum
1694 3109 1828 3165 legum
1872 3109 2216 3167 interpraeratione

2108 3179 2217 3210 aster.
