<?xml version="1.0" encoding="UTF-8"?>
<!DOCTYPE html PUBLIC "-//W3C//DTD XHTML 1.0 Transitional//EN"
    "http://www.w3.org/TR/xhtml1/DTD/xhtml1-transitional.dtd">
<html xmlns="http://www.w3.org/1999/xhtml" xml:lang="en" lang="en">
 <head>
  <title>
</title>
<meta http-equiv="Content-Type" content="text/html;charset=utf-8" />
  <meta name='ocr-system' content='tesseract 3.04.00' />
  <meta name='ocr-capabilities' content='ocr_page ocr_carea ocr_par ocr_line ocrx_word'/>
</head>
<body>
  <div class='ocr_page' id='page_1' title='image "./janivincentiigra02gravuoft_0252.png"; bbox 0 0 2451 3470; ppageno 0'>
   <div class='ocr_carea' id='block_1_1' title="bbox 163 106 1216 3055">
    <p class='ocr_par' dir='ltr' id='par_1_1' title="bbox 163 106 1216 3055">
     <span class='ocr_line' id='line_1_1' title="bbox 168 106 1210 221; baseline -0.031 -13"><span class='ocrx_word' id='word_1_1' title='bbox 168 106 327 221; x_wconf 47' lang='lat' dir='ltr'>pisiaies</span> <span class='ocrx_word' id='word_1_2' title='bbox 369 155 505 214; x_wconf 82' lang='lat' dir='ltr'>qualia</span> <span class='ocrx_word' id='word_1_3' title='bbox 554 151 644 196; x_wconf 84' lang='lat' dir='ltr'>sunt</span> <span class='ocrx_word' id='word_1_4' title='bbox 691 151 785 202; x_wconf 75' lang='lat' dir='ltr'>Jura</span> <span class='ocrx_word' id='word_1_5' title='bbox 831 143 958 187; x_wconf 82' lang='lat' dir='ltr'>nostra</span> <span class='ocrx_word' id='word_1_6' title='bbox 1001 155 1044 181; x_wconf 86' lang='lat' dir='ltr'>in</span> <span class='ocrx_word' id='word_1_7' title='bbox 1076 140 1210 205; x_wconf 38' lang='lat' dir='ltr'>alien-a</span> 
     </span>
     <span class='ocr_line' id='line_1_2' title="bbox 170 197 1210 276; baseline -0.026 -11"><span class='ocrx_word' id='word_1_8' title='bbox 170 237 242 273; x_wconf 78' lang='lat' dir='ltr'>re,</span> <span class='ocrx_word' id='word_1_9' title='bbox 273 229 397 276; x_wconf 86' lang='lat' dir='ltr'>puta,</span> <span class='ocrx_word' id='word_1_10' title='bbox 429 211 636 258; x_wconf 85' lang='lat' dir='ltr'>servitutes</span> <span class='ocrx_word' id='word_1_11' title='bbox 665 203 956 252; x_wconf 83' lang='lat' dir='ltr'>autUrbanae,</span> <span class='ocrx_word' id='word_1_12' title='bbox 988 211 1058 242; x_wconf 90' lang='lat' dir='ltr'>aut</span> <span class='ocrx_word' id='word_1_13' title='bbox 1076 197 1210 262; x_wconf 64' lang='lat' dir='ltr'>Rusti-</span> 
     </span>
     <span class='ocr_line' id='line_1_3' title="bbox 166 254 1211 331; baseline -0.029 -7"><span class='ocrx_word' id='word_1_14' title='bbox 166 294 225 324; x_wconf 81' lang='lat' dir='ltr'>cae</span> <span class='ocrx_word' id='word_1_15' title='bbox 311 289 398 331; x_wconf 85' lang='lat' dir='ltr'>quae</span> <span class='ocrx_word' id='word_1_16' title='bbox 443 268 576 314; x_wconf 80' lang='lat' dir='ltr'>fundis</span> <span class='ocrx_word' id='word_1_17' title='bbox 615 262 756 308; x_wconf 81' lang='lat' dir='ltr'>nostris</span> <span class='ocrx_word' id='word_1_18' title='bbox 797 260 992 321; x_wconf 83' lang='lat' dir='ltr'>debentur</span> <span class='ocrx_word' id='word_1_19' title='bbox 1022 271 1045 298; x_wconf 88' lang='lat' dir='ltr'>a</span> <span class='ocrx_word' id='word_1_20' title='bbox 1077 254 1211 319; x_wconf 74' lang='lat' dir='ltr'>fundis</span> 
     </span>
     <span class='ocr_line' id='line_1_4' title="bbox 163 308 1210 381; baseline -0.029 0"><span class='ocrx_word' id='word_1_21' title='bbox 163 308 317 381; x_wconf 59' lang='lat' dir='ltr'>alienis</span> <span class='ocrx_word' id='word_1_22' title='bbox 347 347 362 372; x_wconf 86' lang='lat'>.·</span> <span class='ocrx_word' id='word_1_23' title='bbox 408 328 506 372; x_wconf 83' lang='lat' dir='ltr'>hinc</span> <span class='ocrx_word' id='word_1_24' title='bbox 537 322 731 379; x_wconf 84' lang='lat' dir='ltr'>siquidem</span> <span class='ocrx_word' id='word_1_25' title='bbox 763 316 970 381; x_wconf 77' lang='lat' dir='ltr'>asserimus</span> <span class='ocrx_word' id='word_1_26' title='bbox 996 312 1118 377; x_wconf 32' lang='lat' dir='ltr'>‘no-bis</span> <span class='ocrx_word' id='word_1_27' title='bbox 1150 326 1210 376; x_wconf 57' lang='lat' dir='ltr'>ius</span> 
     </span>
     <span class='ocr_line' id='line_1_5' title="bbox 165 368 1207 438; baseline -0.029 0"><span class='ocrx_word' id='word_1_28' title='bbox 165 393 244 438; x_wconf 80' lang='lat' dir='ltr'>esse</span> <span class='ocrx_word' id='word_1_29' title='bbox 276 386 544 436; x_wconf 57' lang='lat' dir='ltr'>ususfructus,</span> <span class='ocrx_word' id='word_1_30' title='bbox 576 378 638 423; x_wconf 82' lang='lat' dir='ltr'>vel</span> <span class='ocrx_word' id='word_1_31' title='bbox 665 377 850 426; x_wconf 73' lang='lat' dir='ltr'>itineris,</span> <span class='ocrx_word' id='word_1_32' title='bbox 880 384 951 415; x_wconf 86' lang='lat' dir='ltr'>aut</span> <span class='ocrx_word' id='word_1_33' title='bbox 965 368 1207 435; x_wconf 44' lang='lat' dir='ltr'>xiiaeinalie-</span> 
     </span>
     <span class='ocr_line' id='line_1_6' title="bbox 169 426 1209 497; baseline -0.027 -2"><span class='ocrx_word' id='word_1_34' title='bbox 169 466 228 495; x_wconf 76' lang='lat' dir='ltr'>no</span> <span class='ocrx_word' id='word_1_35' title='bbox 278 447 430 497; x_wconf 89' lang='lat' dir='ltr'>fundo,</span> <span class='ocrx_word' id='word_1_36' title='bbox 459 457 509 486; x_wconf 84' lang='lat' dir='ltr'>ex</span> <span class='ocrx_word' id='word_1_37' title='bbox 541 439 616 481; x_wconf 89' lang='lat' dir='ltr'>hac</span> <span class='ocrx_word' id='word_1_38' title='bbox 645 432 856 478; x_wconf 71' lang='lat' dir='ltr'>assertione</span> <span class='ocrx_word' id='word_1_39' title='bbox 889 427 1063 470; x_wconf 83' lang='lat' dir='ltr'>nascitur</span> <span class='ocrx_word' id='word_1_40' title='bbox 1077 426 1209 479; x_wconf 63' lang='lat' dir='ltr'>aetio,</span> 
     </span>
     <span class='ocr_line' id='line_1_7' title="bbox 167 482 1207 565; baseline -0.029 -12"><span class='ocrx_word' id='word_1_41' title='bbox 167 523 256 565; x_wconf 83' lang='lat' dir='ltr'>quat:</span> <span class='ocrx_word' id='word_1_42' title='bbox 287 514 455 548; x_wconf 84' lang='lat' dir='ltr'>vocatur</span> <span class='ocrx_word' id='word_1_43' title='bbox 484 491 721 541; x_wconf 79' lang='lat' dir='ltr'>confefforia</span> <span class='ocrx_word' id='word_1_44' title='bbox 750 505 763 542; x_wconf 80' lang='lat'>3</span> <span class='ocrx_word' id='word_1_45' title='bbox 796 487 823 531; x_wconf 86' lang='lat' dir='ltr'>fi</span> <span class='ocrx_word' id='word_1_46' title='bbox 856 499 953 529; x_wconf 88' lang='lat' dir='ltr'>vero</span> <span class='ocrx_word' id='word_1_47' title='bbox 985 482 1207 545; x_wconf 76' lang='lat' dir='ltr'>possessores</span> 
     </span>
     <span class='ocr_line' id='line_1_8' title="bbox 168 541 1210 610; baseline -0.029 0"><span class='ocrx_word' id='word_1_48' title='bbox 168 579 245 610; x_wconf 83' lang='lat' dir='ltr'>nos</span> <span class='ocrx_word' id='word_1_49' title='bbox 277 562 331 606; x_wconf 89' lang='lat' dir='ltr'>rei</span> <span class='ocrx_word' id='word_1_50' title='bbox 366 559 515 607; x_wconf 83' lang='lat' dir='ltr'>simus,</span> <span class='ocrx_word' id='word_1_51' title='bbox 548 565 670 607; x_wconf 88' lang='lat' dir='ltr'>quarn</span> <span class='ocrx_word' id='word_1_52' title='bbox 703 546 892 590; x_wconf 88' lang='lat' dir='ltr'>volumus</span> <span class='ocrx_word' id='word_1_53' title='bbox 924 541 973 604; x_wconf 79' lang='lat' dir='ltr'>ab</span> <span class='ocrx_word' id='word_1_54' title='bbox 1006 555 1051 583; x_wconf 89' lang='lat' dir='ltr'>ea</span> <span class='ocrx_word' id='word_1_55' title='bbox 1089 541 1210 582; x_wconf 85' lang='lat' dir='ltr'>servi·</span> 
     </span>
     <span class='ocr_line' id='line_1_9' title="bbox 169 596 1206 666; baseline -0.03 1"><span class='ocrx_word' id='word_1_56' title='bbox 169 632 256 666; x_wconf 85' lang='lat' dir='ltr'>tute</span> <span class='ocrx_word' id='word_1_57' title='bbox 289 619 458 662; x_wconf 86' lang='lat' dir='ltr'>liberare</span> <span class='ocrx_word' id='word_1_58' title='bbox 491 621 701 665; x_wconf 89' lang='lat' dir='ltr'>propterea</span> <span class='ocrx_word' id='word_1_59' title='bbox 732 601 837 666; x_wconf 75' lang='lat' dir='ltr'>quod</span> <span class='ocrx_word' id='word_1_60' title='bbox 856 598 1043 660; x_wconf 83' lang='lat' dir='ltr'>Judicem</span> <span class='ocrx_word' id='word_1_61' title='bbox 1059 596 1206 639; x_wconf 85' lang='lat' dir='ltr'>adeun-</span> 
     </span>
     <span class='ocr_line' id='line_1_10' title="bbox 166 653 1212 730; baseline -0.029 -6"><span class='ocrx_word' id='word_1_62' title='bbox 166 693 230 724; x_wconf 78' lang='lat' dir='ltr'>tes</span> <span class='ocrx_word' id='word_1_63' title='bbox 263 685 457 730; x_wconf 85' lang='lat' dir='ltr'>negemus</span> <span class='ocrx_word' id='word_1_64' title='bbox 479 661 792 712; x_wconf 76' lang='lat' dir='ltr'>Adversarioius</span> <span class='ocrx_word' id='word_1_65' title='bbox 805 656 878 701; x_wconf 75' lang='lat' dir='ltr'>esse</span> <span class='ocrx_word' id='word_1_66' title='bbox 892 655 1015 718; x_wconf 80' lang='lat' dir='ltr'>eundi</span> <span class='ocrx_word' id='word_1_67' title='bbox 1034 669 1101 708; x_wconf 85' lang='lat' dir='ltr'>per</span> <span class='ocrx_word' id='word_1_68' title='bbox 1119 653 1212 697; x_wconf 84' lang='lat' dir='ltr'>sun-</span> 
     </span>
     <span class='ocr_line' id='line_1_11' title="bbox 166 717 1210 780; baseline -0.029 1"><span class='ocrx_word' id='word_1_69' title='bbox 166 736 267 780; x_wconf 84' lang='lat' dir='ltr'>dum</span> <span class='ocrx_word' id='word_1_70' title='bbox 301 730 479 774; x_wconf 86' lang='lat' dir='ltr'>nostrum</span> <span class='ocrx_word' id='word_1_71' title='bbox 512 756 524 777; x_wconf 92' lang='lat'>,</span> <span class='ocrx_word' id='word_1_72' title='bbox 557 734 645 765; x_wconf 91' lang='lat' dir='ltr'>tum</span> <span class='ocrx_word' id='word_1_73' title='bbox 677 733 727 762; x_wconf 82' lang='lat' dir='ltr'>ex</span> <span class='ocrx_word' id='word_1_74' title='bbox 759 717 834 759; x_wconf 89' lang='lat' dir='ltr'>hac</span> <span class='ocrx_word' id='word_1_75' title='bbox 867 725 1085 768; x_wconf 81' lang='lat' dir='ltr'>negatione</span> <span class='ocrx_word' id='word_1_76' title='bbox 1116 725 1210 765; x_wconf 83' lang='lat' dir='ltr'>pro-</span> 
     </span>
     <span class='ocr_line' id='line_1_12' title="bbox 167 775 1212 838; baseline -0.028 -2"><span class='ocrx_word' id='word_1_77' title='bbox 167 793 230 836; x_wconf 85' lang='lat' dir='ltr'>dit</span> <span class='ocrx_word' id='word_1_78' title='bbox 271 787 417 837; x_wconf 67' lang='lat' dir='ltr'>aE’tio3</span> <span class='ocrx_word' id='word_1_79' title='bbox 448 797 537 838; x_wconf 65' lang='lat' dir='ltr'>quae</span> <span class='ocrx_word' id='word_1_80' title='bbox 569 775 777 833; x_wconf 80' lang='lat' dir='ltr'>negatoria</span> <span class='ocrx_word' id='word_1_81' title='bbox 808 780 1066 833; x_wconf 73' lang='lat' dir='ltr'>nuncupatur</span> <span class='ocrx_word' id='word_1_82' title='bbox 1089 797 1101 819; x_wconf 92' lang='lat'>‚</span> <span class='ocrx_word' id='word_1_83' title='bbox 1134 782 1212 830; x_wconf 82' lang='lat' dir='ltr'>qua</span> 
     </span>
     <span class='ocr_line' id='line_1_13' title="bbox 167 823 1210 893; baseline -0.029 0"><span class='ocrx_word' id='word_1_84' title='bbox 167 849 286 892; x_wconf 86' lang='lat' dir='ltr'>unice</span> <span class='ocrx_word' id='word_1_85' title='bbox 301 844 458 887; x_wconf 65' lang='lat' dir='ltr'>afflone</span> <span class='ocrx_word' id='word_1_86' title='bbox 480 836 592 893; x_wconf 87' lang='lat' dir='ltr'>isqui</span> <span class='ocrx_word' id='word_1_87' title='bbox 607 833 768 890; x_wconf 81' lang='lat' dir='ltr'>poffidet</span> <span class='ocrx_word' id='word_1_88' title='bbox 784 843 915 885; x_wconf 81' lang='lat' dir='ltr'>partes</span> <span class='ocrx_word' id='word_1_89' title='bbox 939 823 1210 887; x_wconf 65' lang='lat' dir='ltr'>agita&amp;0r1s3</span> 
     </span>
     <span class='ocr_line' id='line_1_14' title="bbox 167 882 1161 951; baseline -0.029 -1"><span class='ocrx_word' id='word_1_90' title='bbox 167 921 262 950; x_wconf 87' lang='lat' dir='ltr'>cum</span> <span class='ocrx_word' id='word_1_91' title='bbox 281 904 321 944; x_wconf 91' lang='lat' dir='ltr'>in</span> <span class='ocrx_word' id='word_1_92' title='bbox 336 898 477 944; x_wconf 84' lang='lat' dir='ltr'>ceteris</span> <span class='ocrx_word' id='word_1_93' title='bbox 499 891 677 951; x_wconf 73' lang='lat' dir='ltr'>possessor</span> <span class='ocrx_word' id='word_1_94' title='bbox 699 889 852 942; x_wconf 84' lang='lat' dir='ltr'>semper</span> <span class='ocrx_word' id='word_1_95' title='bbox 867 899 953 928; x_wconf 82' lang='lat' dir='ltr'>reus</span> <span class='ocrx_word' id='word_1_96' title='bbox 965 882 1129 945; x_wconf 31' lang='lat' dir='ltr'>exi-stat.</span> <span class='ocrx_word' id='word_1_97' title='bbox 1153 936 1161 943; x_wconf 93' lang='lat'>.</span> 
     </span>
     <span class='ocr_line' id='line_1_15' title="bbox 226 938 1209 1005; baseline -0.027 0"><span class='ocrx_word' id='word_1_98' title='bbox 226 961 340 1005; x_wconf 86' lang='lat' dir='ltr'>Sicut</span> <span class='ocrx_word' id='word_1_99' title='bbox 389 966 526 999; x_wconf 85' lang='lat' dir='ltr'>autern</span> <span class='ocrx_word' id='word_1_100' title='bbox 558 948 735 992; x_wconf 69' lang='lat' dir='ltr'>afflones</span> <span class='ocrx_word' id='word_1_101' title='bbox 767 945 962 1005; x_wconf 59' lang='lat' dir='ltr'>plere-eque</span> <span class='ocrx_word' id='word_1_102' title='bbox 989 938 1076 1001; x_wconf 74' lang='lat' dir='ltr'>aliae</span> <span class='ocrx_word' id='word_1_103' title='bbox 1107 969 1120 990; x_wconf 88' lang='lat'>,</span> <span class='ocrx_word' id='word_1_104' title='bbox 1152 949 1209 979; x_wconf 88' lang='lat' dir='ltr'>ita</span> 
     </span>
     <span class='ocr_line' id='line_1_16' title="bbox 171 996 1208 1067; baseline -0.03 -3"><span class='ocrx_word' id='word_1_105' title='bbox 171 1019 216 1064; x_wconf 73' lang='grc' dir='ltr'>ἃ</span> <span class='ocrx_word' id='word_1_106' title='bbox 263 1014 386 1060; x_wconf 80' lang='lat' dir='ltr'>reales</span> <span class='ocrx_word' id='word_1_107' title='bbox 418 1008 569 1067; x_wconf 80' lang='lat' dir='ltr'>partim</span> <span class='ocrx_word' id='word_1_108' title='bbox 601 1021 622 1049; x_wconf 91' lang='lat' dir='ltr'>a</span> <span class='ocrx_word' id='word_1_109' title='bbox 653 1006 748 1056; x_wconf 84' lang='lat' dir='ltr'>Jure</span> <span class='ocrx_word' id='word_1_110' title='bbox 779 999 914 1044; x_wconf 85' lang='lat' dir='ltr'>Civili</span> <span class='ocrx_word' id='word_1_111' title='bbox 949 996 1208 1059; x_wconf 80' lang='lat' dir='ltr'>prodierunt,</span> 
     </span>
     <span class='ocr_line' id='line_1_17' title="bbox 171 1052 1205 1122; baseline -0.026 -3"><span class='ocrx_word' id='word_1_112' title='bbox 171 1087 323 1122; x_wconf 83' lang='lat' dir='ltr'>nempe</span> <span class='ocrx_word' id='word_1_113' title='bbox 355 1067 506 1118; x_wconf 68' lang='lat' dir='ltr'>abips&#39;zs</span> <span class='ocrx_word' id='word_1_114' title='bbox 524 1061 695 1118; x_wconf 75' lang='lat' dir='ltr'>Legibus</span> <span class='ocrx_word' id='word_1_115' title='bbox 721 1091 731 1107; x_wconf 76' lang='grc'>,</span> <span class='ocrx_word' id='word_1_116' title='bbox 766 1057 943 1109; x_wconf 84' lang='lat' dir='ltr'>partim,</span> <span class='ocrx_word' id='word_1_117' title='bbox 978 1052 1205 1115; x_wconf 85' lang='lat' dir='ltr'>tacentibus</span> 
     </span>
     <span class='ocr_line' id='line_1_18' title="bbox 170 1107 1208 1188; baseline -0.027 -12"><span class='ocrx_word' id='word_1_118' title='bbox 170 1123 352 1188; x_wconf 79' lang='lat' dir='ltr'>legibus,</span> <span class='ocrx_word' id='word_1_119' title='bbox 384 1143 405 1169; x_wconf 89' lang='lat' dir='ltr'>a</span> <span class='ocrx_word' id='word_1_120' title='bbox 420 1119 700 1176; x_wconf 55' lang='lat' dir='ltr'>‚iurisdictione</span> <span class='ocrx_word' id='word_1_121' title='bbox 723 1113 981 1176; x_wconf 62' lang='lat' dir='ltr'>Magistratus</span> <span class='ocrx_word' id='word_1_122' title='bbox 1003 1107 1208 1176; x_wconf 75' lang='lat' dir='ltr'>legisuam</span> 
     </span>
     <span class='ocr_line' id='line_1_19' title="bbox 169 1166 1209 1234; baseline -0.028 -1"><span class='ocrx_word' id='word_1_123' title='bbox 169 1202 315 1232; x_wconf 86' lang='lat' dir='ltr'>vocem</span> <span class='ocrx_word' id='word_1_124' title='bbox 347 1181 637 1227; x_wconf 73' lang='lat' dir='ltr'>attribuent÷s;</span> <span class='ocrx_word' id='word_1_125' title='bbox 671 1173 751 1216; x_wconf 81' lang='lat' dir='ltr'>iiiae</span> <span class='ocrx_word' id='word_1_126' title='bbox 780 1169 951 1234; x_wconf 71' lang='lat' dir='ltr'>civiles,</span> <span class='ocrx_word' id='word_1_127' title='bbox 984 1166 1044 1208; x_wconf 82' lang='lat' dir='ltr'>hae</span> <span class='ocrx_word' id='word_1_128' title='bbox 1065 1178 1209 1227; x_wconf 74' lang='lat' dir='ltr'>praeto-</span> 
     </span>
     <span class='ocr_line' id='line_1_20' title="bbox 168 1221 1209 1291; baseline -0.028 0"><span class='ocrx_word' id='word_1_129' title='bbox 168 1247 238 1291; x_wconf 79' lang='lat' dir='ltr'>riae</span> <span class='ocrx_word' id='word_1_130' title='bbox 268 1243 459 1286; x_wconf 85' lang='lat' dir='ltr'>dicuntur</span> <span class='ocrx_word' id='word_1_131' title='bbox 491 1268 500 1279; x_wconf 89' lang='lat'><strong>.</strong></span> <span class='ocrx_word' id='word_1_132' title='bbox 551 1232 668 1276; x_wconf 81' lang='lat' dir='ltr'>Talis</span> <span class='ocrx_word' id='word_1_133' title='bbox 699 1245 747 1272; x_wconf 79' lang='lat' dir='ltr'>ex</span> <span class='ocrx_word' id='word_1_134' title='bbox 780 1225 1004 1270; x_wconf 65' lang='grc' dir='ltr'>εξὶιοηὼυε</span> <span class='ocrx_word' id='word_1_135' title='bbox 1037 1221 1209 1285; x_wconf 34' lang='lat' dir='ltr'>reali-bus</span> 
     </span>
     <span class='ocr_line' id='line_1_21' title="bbox 169 1279 1209 1348; baseline -0.03 0"><span class='ocrx_word' id='word_1_136' title='bbox 169 1304 224 1348; x_wconf 83' lang='lat' dir='ltr'>est</span> <span class='ocrx_word' id='word_1_137' title='bbox 269 1298 502 1344; x_wconf 82' lang='lat' dir='ltr'>Publiciana</span> <span class='ocrx_word' id='word_1_138' title='bbox 535 1291 703 1335; x_wconf 80' lang='lat' dir='ltr'>inventa</span> <span class='ocrx_word' id='word_1_139' title='bbox 735 1302 757 1327; x_wconf 89' lang='lat' dir='ltr'>a</span> <span class='ocrx_word' id='word_1_140' title='bbox 791 1286 960 1325; x_wconf 74' lang='lat' dir='ltr'>praetore</span> <span class='ocrx_word' id='word_1_141' title='bbox 994 1279 1176 1321; x_wconf 86' lang='lat' dir='ltr'>Publicio</span> <span class='ocrx_word' id='word_1_142' title='bbox 1197 1310 1209 1331; x_wconf 82' lang='lat'>,</span> 
     </span>
     <span class='ocr_line' id='line_1_22' title="bbox 171 1334 1208 1416; baseline -0.028 -12"><span class='ocrx_word' id='word_1_143' title='bbox 171 1375 242 1416; x_wconf 81' lang='lat' dir='ltr'>per</span> <span class='ocrx_word' id='word_1_144' title='bbox 283 1371 406 1412; x_wconf 88' lang='lat' dir='ltr'>quam</span> <span class='ocrx_word' id='word_1_145' title='bbox 450 1349 670 1405; x_wconf 81' lang='lat' dir='ltr'>repetimus</span> <span class='ocrx_word' id='word_1_146' title='bbox 701 1344 749 1385; x_wconf 85' lang='lat' dir='ltr'>ab</span> <span class='ocrx_word' id='word_1_147' title='bbox 781 1353 974 1403; x_wconf 58' lang='lat' dir='ltr'>extraneo</span> <span class='ocrx_word' id='word_1_148' title='bbox 1006 1334 1208 1399; x_wconf 69' lang='lat' dir='ltr'>possessore</span> 
     </span>
     <span class='ocr_line' id='line_1_23' title="bbox 171 1395 1209 1466; baseline -0.026 -6"><span class='ocrx_word' id='word_1_149' title='bbox 171 1431 259 1460; x_wconf 89' lang='lat' dir='ltr'>rem</span> <span class='ocrx_word' id='word_1_150' title='bbox 290 1428 408 1463; x_wconf 88' lang='lat' dir='ltr'>eam,</span> <span class='ocrx_word' id='word_1_151' title='bbox 441 1407 551 1458; x_wconf 84' lang='lat' dir='ltr'>cujus</span> <span class='ocrx_word' id='word_1_152' title='bbox 582 1399 866 1454; x_wconf 65' lang='lat' dir='ltr'>usucapionem</span> <span class='ocrx_word' id='word_1_153' title='bbox 895 1395 1209 1466; x_wconf 55' lang='lat' dir='ltr'>inclioaxfimusg</span> 
     </span>
     <span class='ocr_line' id='line_1_24' title="bbox 173 1453 1207 1516; baseline -0.024 0"><span class='ocrx_word' id='word_1_154' title='bbox 173 1472 238 1516; x_wconf 88' lang='lat' dir='ltr'>vel</span> <span class='ocrx_word' id='word_1_155' title='bbox 273 1461 341 1513; x_wconf 79' lang='lat' dir='ltr'>ilia</span> <span class='ocrx_word' id='word_1_156' title='bbox 376 1463 610 1510; x_wconf 74' lang='lat' dir='ltr'>Publiciana</span> <span class='ocrx_word' id='word_1_157' title='bbox 640 1470 832 1514; x_wconf 81' lang='lat' dir='ltr'>quoque,</span> <span class='ocrx_word' id='word_1_158' title='bbox 865 1453 923 1516; x_wconf 65' lang='lat' dir='ltr'>sed</span> <span class='ocrx_word' id='word_1_159' title='bbox 955 1463 1119 1514; x_wconf 73' lang='lat' dir='ltr'>aiterius</span> <span class='ocrx_word' id='word_1_160' title='bbox 1143 1464 1207 1512; x_wconf 65' lang='lat' dir='ltr'>ge3</span> 
     </span>
     <span class='ocr_line' id='line_1_25' title="bbox 173 1514 1208 1580; baseline -0.025 -7"><span class='ocrx_word' id='word_1_161' title='bbox 173 1528 281 1573; x_wconf 83' lang='lat' dir='ltr'>neris</span> <span class='ocrx_word' id='word_1_162' title='bbox 304 1558 315 1580; x_wconf 91' lang='lat'>,</span> <span class='ocrx_word' id='word_1_163' title='bbox 349 1535 554 1578; x_wconf 82' lang='lat' dir='ltr'>perquam</span> <span class='ocrx_word' id='word_1_164' title='bbox 571 1514 831 1560; x_wconf 66' lang='lat' dir='ltr'>rescindimus</span> <span class='ocrx_word' id='word_1_165' title='bbox 850 1517 1134 1563; x_wconf 79' lang='lat' dir='ltr'>usucapionem</span> <span class='ocrx_word' id='word_1_166' title='bbox 1154 1521 1208 1570; x_wconf 78' lang='lat' dir='ltr'>rei</span> 
     </span>
     <span class='ocr_line' id='line_1_26' title="bbox 170 1565 1203 1632; baseline -0.025 -3"><span class='ocrx_word' id='word_1_167' title='bbox 170 1585 311 1629; x_wconf 68' lang='lat' dir='ltr'>nostrae</span> <span class='ocrx_word' id='word_1_168' title='bbox 342 1581 538 1632; x_wconf 81' lang='lat' dir='ltr'>usucaptae</span> <span class='ocrx_word' id='word_1_169' title='bbox 552 1575 601 1617; x_wconf 89' lang='lat' dir='ltr'>ab</span> <span class='ocrx_word' id='word_1_170' title='bbox 617 1588 663 1616; x_wconf 91' lang='lat' dir='ltr'>eo</span> <span class='ocrx_word' id='word_1_171' title='bbox 683 1603 696 1624; x_wconf 91' lang='lat'>,</span> <span class='ocrx_word' id='word_1_172' title='bbox 725 1582 943 1623; x_wconf 74' lang='lat' dir='ltr'>cumqim,</span> <span class='ocrx_word' id='word_1_173' title='bbox 976 1579 1068 1607; x_wconf 86' lang='lat' dir='ltr'>cum</span> <span class='ocrx_word' id='word_1_174' title='bbox 1087 1565 1203 1618; x_wconf 83' lang='lat' dir='ltr'>Reip.</span> 
     </span>
     <span class='ocr_line' id='line_1_27' title="bbox 172 1620 1208 1688; baseline -0.025 -2"><span class='ocrx_word' id='word_1_175' title='bbox 172 1641 288 1686; x_wconf 88' lang='lat' dir='ltr'>causa</span> <span class='ocrx_word' id='word_1_176' title='bbox 330 1636 472 1681; x_wconf 73' lang='lat' dir='ltr'>abesset</span> <span class='ocrx_word' id='word_1_177' title='bbox 501 1665 517 1687; x_wconf 79' lang='lat'>,</span> <span class='ocrx_word' id='word_1_178' title='bbox 559 1645 673 1685; x_wconf 78' lang='lat' dir='ltr'>agere</span> <span class='ocrx_word' id='word_1_179' title='bbox 719 1640 812 1688; x_wconf 35' lang='lat' dir='ltr'>non·</span> <span class='ocrx_word' id='word_1_180' title='bbox 835 1636 1068 1684; x_wconf 80' lang='lat' dir='ltr'>poteramus</span> <span class='ocrx_word' id='word_1_181' title='bbox 1113 1620 1208 1662; x_wconf 85' lang='lat' dir='ltr'>dum</span> 
     </span>
     <span class='ocr_line' id='line_1_28' title="bbox 172 1684 1211 1752; baseline -0.025 -9"><span class='ocrx_word' id='word_1_182' title='bbox 172 1700 404 1752; x_wconf 86' lang='lat' dir='ltr'>usucaperet</span> <span class='ocrx_word' id='word_1_183' title='bbox 437 1694 542 1735; x_wconf 90' lang='lat' dir='ltr'>intra</span> <span class='ocrx_word' id='word_1_184' title='bbox 573 1684 889 1744; x_wconf 81' lang='lat' dir='ltr'>quadriennium</span> <span class='ocrx_word' id='word_1_185' title='bbox 921 1691 1211 1722; x_wconf 87' lang='lat' dir='ltr'>continuuma</span> 
     </span>
     <span class='ocr_line' id='line_1_29' title="bbox 174 1749 1144 1801; baseline -0.028 -2"><span class='ocrx_word' id='word_1_186' title='bbox 174 1755 304 1801; x_wconf 82' lang='lat' dir='ltr'>reditu</span> <span class='ocrx_word' id='word_1_187' title='bbox 334 1749 578 1795; x_wconf 69' lang='lat' dir='ltr'>inUrbem„</span> <span class='ocrx_word' id='word_1_188' title='bbox 1139 1789 1144 1797; x_wconf 41' lang='grc'><strong>-</strong></span> 
     </span>
     <span class='ocr_line' id='line_1_30' title="bbox 230 1790 1210 1854; baseline -0.026 1"><span class='ocrx_word' id='word_1_189' title='bbox 230 1808 350 1854; x_wconf 88' lang='lat' dir='ltr'>Talis</span> <span class='ocrx_word' id='word_1_190' title='bbox 379 1807 433 1851; x_wconf 84' lang='lat' dir='ltr'>est</span> <span class='ocrx_word' id='word_1_191' title='bbox 463 1805 506 1848; x_wconf 68' lang='grc' dir='ltr'>δι</span> <span class='ocrx_word' id='word_1_192' title='bbox 539 1798 756 1850; x_wconf 86' lang='lat' dir='ltr'>Pauliana,</span> <span class='ocrx_word' id='word_1_193' title='bbox 790 1810 859 1850; x_wconf 85' lang='lat' dir='ltr'>per</span> <span class='ocrx_word' id='word_1_194' title='bbox 889 1808 1012 1848; x_wconf 84' lang='lat' dir='ltr'>quam</span> <span class='ocrx_word' id='word_1_195' title='bbox 1025 1790 1210 1834; x_wconf 86' lang='lat' dir='ltr'>Credito-</span> 
     </span>
     <span class='ocr_line' id='line_1_31' title="bbox 175 1849 1212 1914; baseline -0.025 -1"><span class='ocrx_word' id='word_1_196' title='bbox 175 1884 238 1914; x_wconf 86' lang='lat' dir='ltr'>res</span> <span class='ocrx_word' id='word_1_197' title='bbox 283 1866 475 1910; x_wconf 79' lang='lat' dir='ltr'>revocant</span> <span class='ocrx_word' id='word_1_198' title='bbox 506 1877 528 1903; x_wconf 87' lang='lat' dir='ltr'>a</span> <span class='ocrx_word' id='word_1_199' title='bbox 559 1853 828 1913; x_wconf 76' lang='lat' dir='ltr'>possessoribus</span> <span class='ocrx_word' id='word_1_200' title='bbox 857 1849 973 1914; x_wconf 55' lang='lat' dir='ltr'>²³⁶3.st</span> <span class='ocrx_word' id='word_1_201' title='bbox 1006 1850 1110 1891; x_wconf 88' lang='lat' dir='ltr'>bona</span> <span class='ocrx_word' id='word_1_202' title='bbox 1145 1861 1212 1902; x_wconf 86' lang='lat' dir='ltr'>per</span> 
     </span>
     <span class='ocr_line' id='line_1_32' title="bbox 175 1904 1209 1970; baseline -0.024 -1"><span class='ocrx_word' id='word_1_203' title='bbox 175 1924 403 1969; x_wconf 85' lang='lat' dir='ltr'>debitorem</span> <span class='ocrx_word' id='word_1_204' title='bbox 418 1916 696 1962; x_wconf 83' lang='lat' dir='ltr'>fraudulenter</span> <span class='ocrx_word' id='word_1_205' title='bbox 710 1943 722 1965; x_wconf 93' lang='lat'>,</span> <span class='ocrx_word' id='word_1_206' title='bbox 745 1911 793 1953; x_wconf 90' lang='lat' dir='ltr'>ad</span> <span class='ocrx_word' id='word_1_207' title='bbox 805 1907 1036 1970; x_wconf 77' lang='lat' dir='ltr'>Creditores</span> <span class='ocrx_word' id='word_1_208' title='bbox 1048 1904 1209 1947; x_wconf 88' lang='lat' dir='ltr'>eluden-</span> 
     </span>
     <span class='ocr_line' id='line_1_33' title="bbox 173 1961 1207 2030; baseline -0.02 -5"><span class='ocrx_word' id='word_1_209' title='bbox 173 1983 245 2025; x_wconf 86' lang='lat' dir='ltr'>dos</span> <span class='ocrx_word' id='word_1_210' title='bbox 275 1979 476 2030; x_wconf 88' lang='lat' dir='ltr'>alienata,</span> <span class='ocrx_word' id='word_1_211' title='bbox 510 1974 536 2017; x_wconf 85' lang='lat' dir='ltr'>si</span> <span class='ocrx_word' id='word_1_212' title='bbox 577 1971 658 2017; x_wconf 83' lang='lat' dir='ltr'>alia</span> <span class='ocrx_word' id='word_1_213' title='bbox 689 1969 796 2012; x_wconf 90' lang='lat' dir='ltr'>bona</span> <span class='ocrx_word' id='word_1_214' title='bbox 824 1963 1104 2008; x_wconf 84' lang='lat' dir='ltr'>Creditoribus</span> <span class='ocrx_word' id='word_1_215' title='bbox 1144 1961 1207 2005; x_wconf 91' lang='lat' dir='ltr'>de-</span> 
     </span>
     <span class='ocr_line' id='line_1_34' title="bbox 173 2039 1211 2139; baseline -0.024 1"><span class='ocrx_word' id='word_1_216' title='bbox 173 2039 350 2138; x_wconf 42' lang='lat' dir='ltr'>fin&#39;ts-alis</span> <span class='ocrx_word' id='word_1_217' title='bbox 381 2091 481 2135; x_wconf 89' lang='lat' dir='ltr'>item</span> <span class='ocrx_word' id='word_1_218' title='bbox 513 2086 566 2132; x_wconf 88' lang='lat' dir='ltr'>est</span> <span class='ocrx_word' id='word_1_219' title='bbox 607 2085 652 2128; x_wconf 69' lang='grc' dir='ltr'>δε</span> <span class='ocrx_word' id='word_1_220' title='bbox 682 2079 875 2126; x_wconf 86' lang='lat' dir='ltr'>Serviana</span> <span class='ocrx_word' id='word_1_221' title='bbox 904 2075 1033 2120; x_wconf 82' lang='lat' dir='ltr'>Servii</span> <span class='ocrx_word' id='word_1_222' title='bbox 1067 2076 1211 2139; x_wconf 67' lang='lat' dir='ltr'>Praeto-</span> 
     </span>
     <span class='ocr_line' id='line_1_35' title="bbox 174 2135 1213 2207; baseline -0.022 -10"><span class='ocrx_word' id='word_1_223' title='bbox 174 2152 228 2198; x_wconf 80' lang='lat' dir='ltr'>ris</span> <span class='ocrx_word' id='word_1_224' title='bbox 240 2184 254 2207; x_wconf 85' lang='lat'>,</span> <span class='ocrx_word' id='word_1_225' title='bbox 273 2166 351 2206; x_wconf 82' lang='lat' dir='ltr'>qua</span> <span class='ocrx_word' id='word_1_226' title='bbox 366 2145 572 2191; x_wconf 88' lang='lat' dir='ltr'>Dominus</span> <span class='ocrx_word' id='word_1_227' title='bbox 592 2139 787 2185; x_wconf 87' lang='lat' dir='ltr'>mercedis</span> <span class='ocrx_word' id='word_1_228' title='bbox 800 2135 992 2180; x_wconf 89' lang='lat' dir='ltr'>Creditor</span> <span class='ocrx_word' id='word_1_229' title='bbox 1008 2144 1213 2189; x_wconf 81' lang='lat' dir='ltr'>experitur</span> 
     </span>
     <span class='ocr_line' id='line_1_36' title="bbox 176 2189 1212 2265; baseline -0.025 -11"><span class='ocrx_word' id='word_1_230' title='bbox 176 2211 293 2265; x_wconf 86' lang='lat' dir='ltr'>super</span> <span class='ocrx_word' id='word_1_231' title='bbox 325 2206 439 2250; x_wconf 88' lang='lat' dir='ltr'>rebus</span> <span class='ocrx_word' id='word_1_232' title='bbox 469 2199 658 2246; x_wconf 57' lang='lat' dir='ltr'>invertis-</span> <span class='ocrx_word' id='word_1_233' title='bbox 690 2213 711 2239; x_wconf 86' lang='lat' dir='ltr'>a</span> <span class='ocrx_word' id='word_1_234' title='bbox 743 2194 910 2238; x_wconf 91' lang='lat' dir='ltr'>Colono</span> <span class='ocrx_word' id='word_1_235' title='bbox 944 2191 1055 2244; x_wconf 86' lang='lat' dir='ltr'>super</span> <span class='ocrx_word' id='word_1_236' title='bbox 1085 2189 1212 2252; x_wconf 78' lang='lat' dir='ltr'>fundo</span> 
     </span>
     <span class='ocr_line' id='line_1_37' title="bbox 177 2245 1210 2317; baseline -0.026 -7"><span class='ocrx_word' id='word_1_237' title='bbox 177 2267 313 2310; x_wconf 85' lang='lat' dir='ltr'>locato</span> <span class='ocrx_word' id='word_1_238' title='bbox 349 2294 363 2316; x_wconf 92' lang='lat'>‚</span> <span class='ocrx_word' id='word_1_239' title='bbox 411 2275 498 2317; x_wconf 79' lang='lat' dir='ltr'>quae</span> <span class='ocrx_word' id='word_1_240' title='bbox 556 2272 614 2300; x_wconf 87' lang='lat' dir='ltr'>res</span> <span class='ocrx_word' id='word_1_241' title='bbox 657 2254 735 2297; x_wconf 85' lang='lat' dir='ltr'>five</span> <span class='ocrx_word' id='word_1_242' title='bbox 775 2251 1042 2311; x_wconf 72' lang='lat' dir='ltr'>instrumenta</span> <span class='ocrx_word' id='word_1_243' title='bbox 1096 2245 1210 2308; x_wconf 68' lang='lat' dir='ltr'>fund1</span> 
     </span>
     <span class='ocr_line' id='line_1_38' title="bbox 177 2304 1212 2376; baseline -0.024 -10"><span class='ocrx_word' id='word_1_244' title='bbox 177 2324 267 2366; x_wconf 88' lang='lat' dir='ltr'>sunt</span> <span class='ocrx_word' id='word_1_245' title='bbox 299 2335 371 2376; x_wconf 89' lang='lat' dir='ltr'>pro</span> <span class='ocrx_word' id='word_1_246' title='bbox 403 2314 583 2361; x_wconf 84' lang='lat' dir='ltr'>mercede</span> <span class='ocrx_word' id='word_1_247' title='bbox 616 2309 805 2355; x_wconf 88' lang='lat' dir='ltr'>Domino</span> <span class='ocrx_word' id='word_1_248' title='bbox 834 2306 1016 2357; x_wconf 79' lang='lat' dir='ltr'>obligata</span> <span class='ocrx_word' id='word_1_249' title='bbox 1040 2334 1050 2345; x_wconf 87' lang='lat'><strong>.</strong></span> <span class='ocrx_word' id='word_1_250' title='bbox 1082 2304 1212 2367; x_wconf 74' lang='lat' dir='ltr'>Cujus</span> 
     </span>
     <span class='ocr_line' id='line_1_39' title="bbox 177 2366 1212 2430; baseline -0.022 -6"><span class='ocrx_word' id='word_1_251' title='bbox 177 2380 226 2424; x_wconf 85' lang='lat' dir='ltr'>ad</span> <span class='ocrx_word' id='word_1_252' title='bbox 257 2366 785 2430; x_wconf 84' lang='lat' dir='ltr'>exemplumJurisconsulti</span> <span class='ocrx_word' id='word_1_253' title='bbox 817 2375 975 2407; x_wconf 85' lang='lat' dir='ltr'>veteres</span> <span class='ocrx_word' id='word_1_254' title='bbox 1004 2372 1212 2424; x_wconf 86' lang='lat' dir='ltr'>excogita-</span> 
     </span>
     <span class='ocr_line' id='line_1_40' title="bbox 174 2428 1212 2490; baseline -0.022 -9"><span class='ocrx_word' id='word_1_255' title='bbox 174 2448 271 2481; x_wconf 88' lang='lat' dir='ltr'>runt</span> <span class='ocrx_word' id='word_1_256' title='bbox 313 2431 419 2490; x_wconf 85' lang='lat' dir='ltr'>quasi</span> <span class='ocrx_word' id='word_1_257' title='bbox 452 2428 692 2473; x_wconf 84' lang='lat' dir='ltr'>Servianam</span> <span class='ocrx_word' id='word_1_258' title='bbox 721 2455 734 2478; x_wconf 95' lang='lat'>,</span> <span class='ocrx_word' id='word_1_259' title='bbox 779 2435 848 2477; x_wconf 89' lang='lat' dir='ltr'>pei·</span> <span class='ocrx_word' id='word_1_260' title='bbox 888 2432 1013 2482; x_wconf 71' lang='lat' dir='ltr'>quam</span> <span class='ocrx_word' id='word_1_261' title='bbox 1055 2432 1212 2481; x_wconf 75' lang='lat' dir='ltr'>agimus</span> 
     </span>
     <span class='ocr_line' id='line_1_41' title="bbox 178 2473 1212 2550; baseline -0.023 -12"><span class='ocrx_word' id='word_1_262' title='bbox 178 2495 291 2550; x_wconf 85' lang='lat' dir='ltr'>super</span> <span class='ocrx_word' id='word_1_263' title='bbox 322 2490 437 2534; x_wconf 88' lang='lat' dir='ltr'>rebus</span> <span class='ocrx_word' id='word_1_264' title='bbox 469 2486 605 2538; x_wconf 86' lang='lat' dir='ltr'>illius,</span> <span class='ocrx_word' id='word_1_265' title='bbox 635 2482 706 2539; x_wconf 90' lang='lat' dir='ltr'>qui</span> <span class='ocrx_word' id='word_1_266' title='bbox 737 2479 986 2537; x_wconf 69' lang='lat' dir='ltr'>conduitita</span> <span class='ocrx_word' id='word_1_267' title='bbox 1008 2475 1125 2538; x_wconf 81' lang='lat' dir='ltr'>nobis</span> <span class='ocrx_word' id='word_1_268' title='bbox 1147 2473 1212 2517; x_wconf 87' lang='lat' dir='ltr'>do.</span> 
     </span>
     <span class='ocr_line' id='line_1_42' title="bbox 175 2530 1211 2602; baseline -0.025 -6"><span class='ocrx_word' id='word_1_269' title='bbox 175 2566 294 2595; x_wconf 87' lang='lat' dir='ltr'>mum</span> <span class='ocrx_word' id='word_1_270' title='bbox 315 2579 328 2602; x_wconf 95' lang='lat'>,</span> <span class='ocrx_word' id='word_1_271' title='bbox 360 2559 507 2599; x_wconf 88' lang='lat' dir='ltr'>nempe</span> <span class='ocrx_word' id='word_1_272' title='bbox 541 2543 651 2595; x_wconf 85' lang='lat' dir='ltr'>super</span> <span class='ocrx_word' id='word_1_273' title='bbox 683 2538 798 2581; x_wconf 89' lang='lat' dir='ltr'>rebus</span> <span class='ocrx_word' id='word_1_274' title='bbox 832 2531 1036 2588; x_wconf 86' lang='lat' dir='ltr'>Inquilini</span> <span class='ocrx_word' id='word_1_275' title='bbox 1069 2546 1112 2573; x_wconf 89' lang='lat' dir='ltr'>in</span> <span class='ocrx_word' id='word_1_276' title='bbox 1142 2530 1211 2595; x_wconf 74' lang='lat' dir='ltr'>clo-</span> 
     </span>
     <span class='ocr_line' id='line_1_43' title="bbox 174 2589 1212 2654; baseline -0.021 -2"><span class='ocrx_word' id='word_1_277' title='bbox 174 2622 295 2652; x_wconf 85' lang='lat' dir='ltr'>mum</span> <span class='ocrx_word' id='word_1_278' title='bbox 325 2594 477 2654; x_wconf 69' lang='lat' dir='ltr'>illatis,</span> <span class='ocrx_word' id='word_1_279' title='bbox 511 2614 605 2643; x_wconf 88' lang='lat' dir='ltr'>cum</span> <span class='ocrx_word' id='word_1_280' title='bbox 641 2594 842 2650; x_wconf 85' lang='lat' dir='ltr'>superior,</span> <span class='ocrx_word' id='word_1_281' title='bbox 874 2603 1021 2644; x_wconf 86' lang='lat' dir='ltr'>nempe</span> <span class='ocrx_word' id='word_1_282' title='bbox 1052 2589 1212 2652; x_wconf 82' lang='lat' dir='ltr'>Servia-</span> 
     </span>
     <span class='ocr_line' id='line_1_44' title="bbox 174 2645 1212 2718; baseline -0.022 -10"><span class='ocrx_word' id='word_1_283' title='bbox 174 2680 230 2707; x_wconf 85' lang='lat' dir='ltr'>na</span> <span class='ocrx_word' id='word_1_284' title='bbox 259 2657 505 2718; x_wconf 58' lang='lat' dir='ltr'>pertinuerit</span> <span class='ocrx_word' id='word_1_285' title='bbox 537 2666 700 2698; x_wconf 89' lang='lat' dir='ltr'>tantum</span> <span class='ocrx_word' id='word_1_286' title='bbox 743 2649 791 2693; x_wconf 86' lang='lat' dir='ltr'>ad</span> <span class='ocrx_word' id='word_1_287' title='bbox 833 2646 977 2691; x_wconf 87' lang='lat' dir='ltr'>fundos</span> <span class='ocrx_word' id='word_1_288' title='bbox 1010 2645 1212 2696; x_wconf 83' lang='lat' dir='ltr'>rusticos;</span> 
     </span>
     <span class='ocr_line' id='line_1_45' title="bbox 173 2701 1213 2778; baseline -0.022 -13"><span class='ocrx_word' id='word_1_289' title='bbox 173 2720 282 2778; x_wconf 86' lang='lat' dir='ltr'>quasi</span> <span class='ocrx_word' id='word_1_290' title='bbox 312 2716 505 2762; x_wconf 83' lang='lat' dir='ltr'>Serviana</span> <span class='ocrx_word' id='word_1_291' title='bbox 537 2726 633 2754; x_wconf 85' lang='lat' dir='ltr'>vero</span> <span class='ocrx_word' id='word_1_292' title='bbox 665 2722 749 2750; x_wconf 91' lang='lat' dir='ltr'>non</span> <span class='ocrx_word' id='word_1_293' title='bbox 781 2704 910 2748; x_wconf 90' lang='lat' dir='ltr'>solum</span> <span class='ocrx_word' id='word_1_294' title='bbox 941 2703 989 2745; x_wconf 87' lang='lat' dir='ltr'>ad</span> <span class='ocrx_word' id='word_1_295' title='bbox 1022 2701 1213 2744; x_wconf 86' lang='lat' dir='ltr'>Urbanos</span> 
     </span>
     <span class='ocr_line' id='line_1_46' title="bbox 177 2757 1214 2829; baseline -0.021 -7"><span class='ocrx_word' id='word_1_296' title='bbox 177 2775 324 2823; x_wconf 85' lang='lat' dir='ltr'>fundos</span> <span class='ocrx_word' id='word_1_297' title='bbox 367 2772 570 2829; x_wconf 86' lang='lat' dir='ltr'>pertineat</span> <span class='ocrx_word' id='word_1_298' title='bbox 602 2782 614 2819; x_wconf 90' lang='lat'>;</span> <span class='ocrx_word' id='word_1_299' title='bbox 655 2764 716 2808; x_wconf 89' lang='lat' dir='ltr'>sed</span> <span class='ocrx_word' id='word_1_300' title='bbox 759 2760 807 2806; x_wconf 90' lang='lat' dir='ltr'>ad</span> <span class='ocrx_word' id='word_1_301' title='bbox 837 2773 980 2821; x_wconf 88' lang='lat' dir='ltr'>omnes</span> <span class='ocrx_word' id='word_1_302' title='bbox 1012 2757 1214 2820; x_wconf 70' lang='lat' dir='ltr'>hypothe-</span> 
     </span>
     <span class='ocr_line' id='line_1_47' title="bbox 178 2814 1215 2885; baseline -0.023 -6"><span class='ocrx_word' id='word_1_303' title='bbox 178 2848 243 2879; x_wconf 87' lang='lat' dir='ltr'>cas</span> <span class='ocrx_word' id='word_1_304' title='bbox 290 2831 334 2875; x_wconf 87' lang='lat'>&amp;</span> <span class='ocrx_word' id='word_1_305' title='bbox 377 2829 547 2885; x_wconf 85' lang='lat' dir='ltr'>pignora</span> <span class='ocrx_word' id='word_1_306' title='bbox 589 2833 731 2866; x_wconf 90' lang='lat' dir='ltr'>contra</span> <span class='ocrx_word' id='word_1_307' title='bbox 775 2816 999 2878; x_wconf 70' lang='lat' dir='ltr'>possessores</span> <span class='ocrx_word' id='word_1_308' title='bbox 1047 2814 1215 2877; x_wconf 76' lang='lat' dir='ltr'>illorum</span> 
     </span>
     <span class='ocr_line' id='line_1_48' title="bbox 178 2871 1215 2949; baseline -0.022 -14"><span class='ocrx_word' id='word_1_309' title='bbox 178 2889 411 2949; x_wconf 82' lang='lat' dir='ltr'>porrigatur</span> <span class='ocrx_word' id='word_1_310' title='bbox 441 2915 454 2939; x_wconf 89' lang='lat'>,</span> <span class='ocrx_word' id='word_1_311' title='bbox 484 2878 706 2925; x_wconf 87' lang='lat' dir='ltr'>dummodo</span> <span class='ocrx_word' id='word_1_312' title='bbox 735 2873 1042 2929; x_wconf 81' lang='lat' dir='ltr'>exploraverint</span> <span class='ocrx_word' id='word_1_313' title='bbox 1072 2871 1215 2935; x_wconf 75' lang='lat' dir='ltr'>Credi-</span> 
     </span>
     <span class='ocr_line' id='line_1_49' title="bbox 177 2929 1215 2995; baseline -0.023 -3"><span class='ocrx_word' id='word_1_314' title='bbox 177 2960 285 2992; x_wconf 80' lang='lat' dir='ltr'>tores</span> <span class='ocrx_word' id='word_1_315' title='bbox 315 2945 421 2987; x_wconf 88' lang='lat' dir='ltr'>bona</span> <span class='ocrx_word' id='word_1_316' title='bbox 451 2936 642 2984; x_wconf 88' lang='lat' dir='ltr'>debitoris</span> <span class='ocrx_word' id='word_1_317' title='bbox 672 2966 686 2989; x_wconf 90' lang='lat'>,</span> <span class='ocrx_word' id='word_1_318' title='bbox 735 2932 779 2976; x_wconf 73' lang='grc' dir='ltr'>δι</span> <span class='ocrx_word' id='word_1_319' title='bbox 807 2929 983 2995; x_wconf 59' lang='lat' dir='ltr'>eitpenso</span> <span class='ocrx_word' id='word_1_320' title='bbox 1016 2929 1215 2992; x_wconf 70' lang='lat' dir='ltr'>Patrimo-</span> 
     </span>
     <span class='ocr_line' id='line_1_50' title="bbox 181 2985 1216 3055; baseline -0.023 -6"><span class='ocrx_word' id='word_1_321' title='bbox 181 3005 252 3048; x_wconf 87' lang='lat' dir='ltr'>nio</span> <span class='ocrx_word' id='word_1_322' title='bbox 285 2999 392 3046; x_wconf 87' lang='lat' dir='ltr'>nihil</span> <span class='ocrx_word' id='word_1_323' title='bbox 425 3008 567 3055; x_wconf 72' lang='lat' dir='ltr'>praeter</span> <span class='ocrx_word' id='word_1_324' title='bbox 596 3007 658 3038; x_wconf 86' lang='lat' dir='ltr'>res</span> <span class='ocrx_word' id='word_1_325' title='bbox 692 2990 743 3035; x_wconf 88' lang='lat' dir='ltr'>ab</span> <span class='ocrx_word' id='word_1_326' title='bbox 772 2985 864 3032; x_wconf 90' lang='lat' dir='ltr'>aliis</span> <span class='ocrx_word' id='word_1_327' title='bbox 897 2985 1216 3041; x_wconf 71' lang='lat' dir='ltr'>posseffiisinve-</span> 
     </span>
    </p>
   </div>
   <div class='ocr_carea' id='block_1_2' title="bbox 180 3041 1218 3115">
    <p class='ocr_par' dir='ltr' id='par_1_2' title="bbox 180 3041 1218 3115">
     <span class='ocr_line' id='line_1_51' title="bbox 180 3041 1218 3115; baseline -0.019 -10"><span class='ocrx_word' id='word_1_328' title='bbox 180 3060 317 3108; x_wconf 87' lang='lat' dir='ltr'>nerint</span> <span class='ocrx_word' id='word_1_329' title='bbox 348 3089 362 3115; x_wconf 91' lang='lat'>‚</span> <span class='ocrx_word' id='word_1_330' title='bbox 407 3056 516 3102; x_wconf 79' lang='lat' dir='ltr'>auth.</span> <span class='ocrx_word' id='word_1_331' title='bbox 539 3051 615 3109; x_wconf 83' lang='lat' dir='ltr'>sed</span> <span class='ocrx_word' id='word_1_332' title='bbox 643 3048 756 3096; x_wconf 80' lang='lat' dir='ltr'>hodie</span> <span class='ocrx_word' id='word_1_333' title='bbox 785 3048 836 3091; x_wconf 89' lang='lat' dir='ltr'>C.</span> <span class='ocrx_word' id='word_1_334' title='bbox 870 3044 918 3091; x_wconf 82' lang='lat' dir='ltr'>de</span> <span class='ocrx_word' id='word_1_335' title='bbox 949 3043 1025 3088; x_wconf 85' lang='lat' dir='ltr'>obl.</span> <span class='ocrx_word' id='word_1_336' title='bbox 1059 3041 1115 3087; x_wconf 59' lang='lat' dir='ltr'>&lt;J</span> <span class='ocrx_word' id='word_1_337' title='bbox 1143 3041 1218 3099; x_wconf 65' lang='grc' dir='ltr'>αὲἶ,</span> 
     </span>
    </p>
   </div>
   <div class='ocr_carea' id='block_1_3' title="bbox 693 64 1782 128">
    <p class='ocr_par' dir='ltr' id='par_1_3' title="bbox 693 64 1782 128">
     <span class='ocr_line' id='line_1_52' title="bbox 693 64 1782 128; baseline -0.004 -1"><span class='ocrx_word' id='word_1_338' title='bbox 693 64 1782 128; x_wconf 35' lang='lat' dir='ltr'>thTITUTIONEfS</span> 
     </span>
    </p>
   </div>
   <div class='ocr_carea' id='block_1_4' title="bbox 1257 141 2302 3139">
    <p class='ocr_par' dir='ltr' id='par_1_4' title="bbox 1258 141 2155 204">
     <span class='ocr_line' id='line_1_53' title="bbox 1258 141 2155 204; baseline 0.009 -20"><span class='ocrx_word' id='word_1_339' title='bbox 1258 142 1368 185; x_wconf 83' lang='lat' dir='ltr'>auth.</span> <span class='ocrx_word' id='word_1_340' title='bbox 1400 143 1466 184; x_wconf 81' lang='lat' dir='ltr'>hoc</span> <span class='ocrx_word' id='word_1_341' title='bbox 1489 141 1523 195; x_wconf 87' lang='lat' dir='ltr'><em>fi</em></span> <span class='ocrx_word' id='word_1_342' title='bbox 1554 144 1720 186; x_wconf 83' lang='lat' dir='ltr'>debitor.</span> <span class='ocrx_word' id='word_1_343' title='bbox 1752 147 1807 188; x_wconf 90' lang='lat' dir='ltr'>C.</span> <span class='ocrx_word' id='word_1_344' title='bbox 1837 145 1885 188; x_wconf 83' lang='lat' dir='ltr'>de</span> <span class='ocrx_word' id='word_1_345' title='bbox 1912 145 2108 204; x_wconf 74' lang='lat' dir='ltr'>pignorib.</span> <span class='ocrx_word' id='word_1_346' title='bbox 2152 174 2155 178; x_wconf 49' lang='grc'><strong>’</strong></span> 
     </span>
    </p>

    <p class='ocr_par' dir='ltr' id='par_1_5' title="bbox 1257 194 2299 1393">
     <span class='ocr_line' id='line_1_54' title="bbox 1318 194 2296 250; baseline 0.007 -9"><span class='ocrx_word' id='word_1_347' title='bbox 1318 194 1548 243; x_wconf 86' lang='lat' dir='ltr'>Personases</span> <span class='ocrx_word' id='word_1_348' title='bbox 1579 215 1675 244; x_wconf 88' lang='lat' dir='ltr'>vero</span> <span class='ocrx_word' id='word_1_349' title='bbox 1694 200 1873 246; x_wconf 53' lang='lat' dir='ltr'>actiones</span> <span class='ocrx_word' id='word_1_350' title='bbox 1904 205 2075 249; x_wconf 86' lang='lat' dir='ltr'>tendunt</span> <span class='ocrx_word' id='word_1_351' title='bbox 2096 220 2177 249; x_wconf 85' lang='lat' dir='ltr'>non</span> <span class='ocrx_word' id='word_1_352' title='bbox 2198 220 2296 250; x_wconf 83' lang='lat' dir='ltr'>con-</span> 
     </span>
     <span class='ocr_line' id='line_1_55' title="bbox 1260 255 2297 317; baseline 0.007 -18"><span class='ocrx_word' id='word_1_353' title='bbox 1260 258 1322 299; x_wconf 68' lang='lat' dir='ltr'>tra</span> <span class='ocrx_word' id='word_1_354' title='bbox 1352 271 1437 300; x_wconf 87' lang='lat' dir='ltr'>rem</span> <span class='ocrx_word' id='word_1_355' title='bbox 1450 255 1629 312; x_wconf 84' lang='lat' dir='ltr'>aliquam</span> <span class='ocrx_word' id='word_1_356' title='bbox 1645 258 1842 303; x_wconf 75' lang='lat' dir='ltr'>nostram.</span> <span class='ocrx_word' id='word_1_357' title='bbox 1878 260 1941 304; x_wconf 87' lang='lat' dir='ltr'>vel</span> <span class='ocrx_word' id='word_1_358' title='bbox 1958 262 2074 305; x_wconf 86' lang='lat' dir='ltr'>nobis</span> <span class='ocrx_word' id='word_1_359' title='bbox 2088 263 2263 306; x_wconf 79' lang='lat' dir='ltr'>debitam</span> <span class='ocrx_word' id='word_1_360' title='bbox 2283 278 2297 317; x_wconf 81' lang='lat'><em>3</em></span> 
     </span>
     <span class='ocr_line' id='line_1_56' title="bbox 1270 313 2297 372; baseline 0.005 -16"><span class='ocrx_word' id='word_1_361' title='bbox 1270 313 1330 357; x_wconf 85' lang='lat' dir='ltr'>sed</span> <span class='ocrx_word' id='word_1_362' title='bbox 1356 314 1736 369; x_wconf 81' lang='lat' dir='ltr'>contra&#39;personam</span> <span class='ocrx_word' id='word_1_363' title='bbox 1769 315 1885 359; x_wconf 85' lang='lat' dir='ltr'>nobis</span> <span class='ocrx_word' id='word_1_364' title='bbox 1909 329 2038 361; x_wconf 82' lang='lat' dir='ltr'>autex</span> <span class='ocrx_word' id='word_1_365' title='bbox 2059 319 2266 363; x_wconf 59' lang='lat' dir='ltr'>contraffiu</span> <span class='ocrx_word' id='word_1_366' title='bbox 2283 350 2297 372; x_wconf 89' lang='lat'>,</span> 
     </span>
     <span class='ocr_line' id='line_1_57' title="bbox 1261 369 2297 430; baseline 0.005 -17"><span class='ocrx_word' id='word_1_367' title='bbox 1261 369 1451 427; x_wconf 86' lang='lat' dir='ltr'>autquasi</span> <span class='ocrx_word' id='word_1_368' title='bbox 1472 372 1684 415; x_wconf 63' lang='lat' dir='ltr'>contraeiu</span> <span class='ocrx_word' id='word_1_369' title='bbox 1704 371 1930 428; x_wconf 80' lang='lat' dir='ltr'>obligatam</span> <span class='ocrx_word' id='word_1_370' title='bbox 1945 405 1958 428; x_wconf 90' lang='lat'>,</span> <span class='ocrx_word' id='word_1_371' title='bbox 1989 389 2076 430; x_wconf 78' lang='lat' dir='ltr'>quae</span> <span class='ocrx_word' id='word_1_372' title='bbox 2095 375 2195 421; x_wconf 87' lang='lat' dir='ltr'>item</span> <span class='ocrx_word' id='word_1_373' title='bbox 2211 391 2297 419; x_wconf 84' lang='lat' dir='ltr'>non</span> 
     </span>
     <span class='ocr_line' id='line_1_58' title="bbox 1260 426 2291 485; baseline 0.007 -16"><span class='ocrx_word' id='word_1_374' title='bbox 1260 427 1381 470; x_wconf 78' lang='lat' dir='ltr'>mo&#39;do</span> <span class='ocrx_word' id='word_1_375' title='bbox 1411 426 1553 472; x_wconf 81' lang='lat' dir='ltr'>civiles</span> <span class='ocrx_word' id='word_1_376' title='bbox 1584 429 1712 481; x_wconf 86' lang='lat' dir='ltr'>sunt,</span> <span class='ocrx_word' id='word_1_377' title='bbox 1746 445 1893 485; x_wconf 87' lang='lat' dir='ltr'>nempe</span> <span class='ocrx_word' id='word_1_378' title='bbox 1924 446 1974 474; x_wconf 83' lang='lat' dir='ltr'>ex</span> <span class='ocrx_word' id='word_1_379' title='bbox 2007 431 2096 485; x_wconf 82' lang='lat' dir='ltr'>ipsis</span> <span class='ocrx_word' id='word_1_380' title='bbox 2128 445 2291 476; x_wconf 84' lang='lat' dir='ltr'>contra-</span> 
     </span>
     <span class='ocr_line' id='line_1_59' title="bbox 1257 484 2297 541; baseline 0.007 -15"><span class='ocrx_word' id='word_1_381' title='bbox 1257 484 1387 527; x_wconf 67' lang='lat' dir='ltr'>&amp;ibus</span> <span class='ocrx_word' id='word_1_382' title='bbox 1417 500 1439 527; x_wconf 90' lang='lat' dir='ltr'>a</span> <span class='ocrx_word' id='word_1_383' title='bbox 1472 486 1578 541; x_wconf 82' lang='lat' dir='ltr'>Lege</span> <span class='ocrx_word' id='word_1_384' title='bbox 1609 486 1795 529; x_wconf 77' lang='lat' dir='ltr'>excitatae</span> <span class='ocrx_word' id='word_1_385' title='bbox 1826 503 1838 540; x_wconf 80' lang='lat'><em>3</em></span> <span class='ocrx_word' id='word_1_386' title='bbox 1884 488 1944 530; x_wconf 83' lang='lat' dir='ltr'>sed</span> <span class='ocrx_word' id='word_1_387' title='bbox 1992 487 2118 532; x_wconf 87' lang='lat' dir='ltr'>etiarn</span> <span class='ocrx_word' id='word_1_388' title='bbox 2151 490 2297 533; x_wconf 79' lang='lat' dir='ltr'>Praeto-</span> 
     </span>
     <span class='ocr_line' id='line_1_60' title="bbox 1260 543 2295 600; baseline 0.004 -17"><span class='ocrx_word' id='word_1_389' title='bbox 1260 543 1327 583; x_wconf 82' lang='lat' dir='ltr'>riae</span> <span class='ocrx_word' id='word_1_390' title='bbox 1352 572 1364 595; x_wconf 95' lang='lat'>,</span> <span class='ocrx_word' id='word_1_391' title='bbox 1398 556 1545 597; x_wconf 85' lang='lat' dir='ltr'>nempe</span> <span class='ocrx_word' id='word_1_392' title='bbox 1577 543 1758 597; x_wconf 66' lang='lat' dir='ltr'>praestitae</span> <span class='ocrx_word' id='word_1_393' title='bbox 1790 559 1811 585; x_wconf 88' lang='lat' dir='ltr'>a</span> <span class='ocrx_word' id='word_1_394' title='bbox 1843 543 2085 600; x_wconf 86' lang='lat' dir='ltr'>Magistratu</span> <span class='ocrx_word' id='word_1_395' title='bbox 2116 561 2164 589; x_wconf 82' lang='lat' dir='ltr'>ex</span> <span class='ocrx_word' id='word_1_396' title='bbox 2198 546 2295 590; x_wconf 88' lang='lat' dir='ltr'>taci.</span> 
     </span>
     <span class='ocr_line' id='line_1_61' title="bbox 1260 598 2296 657; baseline 0.006 -17"><span class='ocrx_word' id='word_1_397' title='bbox 1260 611 1301 640; x_wconf 88' lang='lat' dir='ltr'>to</span> <span class='ocrx_word' id='word_1_398' title='bbox 1333 598 1443 640; x_wconf 84' lang='lat' dir='ltr'>sensu</span> <span class='ocrx_word' id='word_1_399' title='bbox 1477 600 1631 653; x_wconf 81' lang='lat' dir='ltr'>Legum</span> <span class='ocrx_word' id='word_1_400' title='bbox 1664 630 1676 651; x_wconf 89' lang='lat'>‚</span> <span class='ocrx_word' id='word_1_401' title='bbox 1718 599 1851 654; x_wconf 83' lang='lat' dir='ltr'>qualis</span> <span class='ocrx_word' id='word_1_402' title='bbox 1880 601 1932 643; x_wconf 84' lang='lat' dir='ltr'>est</span> <span class='ocrx_word' id='word_1_403' title='bbox 1963 601 2069 644; x_wconf 67' lang='lat' dir='ltr'>affio</span> <span class='ocrx_word' id='word_1_404' title='bbox 2100 602 2146 645; x_wconf 86' lang='lat' dir='ltr'>de</span> <span class='ocrx_word' id='word_1_405' title='bbox 2177 617 2296 657; x_wconf 84' lang='lat' dir='ltr'>pecu-</span> 
     </span>
     <span class='ocr_line' id='line_1_62' title="bbox 1259 653 2298 714; baseline 0.005 -17"><span class='ocrx_word' id='word_1_406' title='bbox 1259 655 1316 697; x_wconf 89' lang='lat' dir='ltr'>lio</span> <span class='ocrx_word' id='word_1_407' title='bbox 1350 653 1579 709; x_wconf 62' lang='lat' dir='ltr'>profestitio</span> <span class='ocrx_word' id='word_1_408' title='bbox 1611 655 1867 699; x_wconf 83' lang='lat' dir='ltr'>filiifamilias</span> <span class='ocrx_word' id='word_1_409' title='bbox 1897 687 1909 709; x_wconf 90' lang='lat'><strong>‚</strong></span> <span class='ocrx_word' id='word_1_410' title='bbox 1956 657 2016 701; x_wconf 83' lang='lat' dir='ltr'>vel</span> <span class='ocrx_word' id='word_1_411' title='bbox 2059 659 2105 700; x_wconf 89' lang='lat' dir='ltr'>de</span> <span class='ocrx_word' id='word_1_412' title='bbox 2140 659 2298 714; x_wconf 85' lang='lat' dir='ltr'>peculio</span> 
     </span>
     <span class='ocr_line' id='line_1_63' title="bbox 1262 712 2296 767; baseline 0.007 -14"><span class='ocrx_word' id='word_1_413' title='bbox 1262 712 1387 754; x_wconf 83' lang='lat' dir='ltr'>servi.</span> <span class='ocrx_word' id='word_1_414' title='bbox 1422 712 1623 765; x_wconf 83' lang='lat' dir='ltr'>Quamvis</span> <span class='ocrx_word' id='word_1_415' title='bbox 1665 712 1778 756; x_wconf 90' lang='lat' dir='ltr'>enim</span> <span class='ocrx_word' id='word_1_416' title='bbox 1811 714 1928 765; x_wconf 82' lang='lat' dir='ltr'>Pater</span> <span class='ocrx_word' id='word_1_417' title='bbox 1957 745 1969 767; x_wconf 88' lang='lat'>‚</span> <span class='ocrx_word' id='word_1_418' title='bbox 2011 718 2054 757; x_wconf 69' lang='grc' dir='ltr'>ὅ(</span> <span class='ocrx_word' id='word_1_419' title='bbox 2089 716 2296 760; x_wconf 85' lang='lat' dir='ltr'>Dominus</span> 
     </span>
     <span class='ocr_line' id='line_1_64' title="bbox 1258 769 2296 823; baseline 0.004 -11"><span class='ocrx_word' id='word_1_420' title='bbox 1258 784 1307 813; x_wconf 81' lang='lat' dir='ltr'>ex</span> <span class='ocrx_word' id='word_1_421' title='bbox 1352 769 1626 812; x_wconf 57' lang='lat' dir='ltr'>contractibus</span> <span class='ocrx_word' id='word_1_422' title='bbox 1669 769 1802 823; x_wconf 85' lang='lat' dir='ltr'>Filii,</span> <span class='ocrx_word' id='word_1_423' title='bbox 1857 769 1920 813; x_wconf 90' lang='lat' dir='ltr'>vel</span> <span class='ocrx_word' id='word_1_424' title='bbox 1973 769 2069 816; x_wconf 82' lang='lat' dir='ltr'>servi</span> <span class='ocrx_word' id='word_1_425' title='bbox 2119 785 2201 815; x_wconf 83' lang='lat' dir='ltr'>non</span> <span class='ocrx_word' id='word_1_426' title='bbox 2233 786 2296 816; x_wconf 85' lang='lat' dir='ltr'>te·</span> 
     </span>
     <span class='ocr_line' id='line_1_65' title="bbox 1261 826 2293 883; baseline 0.005 -15"><span class='ocrx_word' id='word_1_427' title='bbox 1261 839 1468 879; x_wconf 81' lang='lat' dir='ltr'>neantur3</span> <span class='ocrx_word' id='word_1_428' title='bbox 1499 838 1637 868; x_wconf 89' lang='lat' dir='ltr'>tamen</span> <span class='ocrx_word' id='word_1_429' title='bbox 1670 826 1789 882; x_wconf 87' lang='lat' dir='ltr'>quia,</span> <span class='ocrx_word' id='word_1_430' title='bbox 1821 829 2011 870; x_wconf 82' lang='lat' dir='ltr'>concessis</span> <span class='ocrx_word' id='word_1_431' title='bbox 2046 828 2214 883; x_wconf 76' lang='lat' dir='ltr'>peculiis</span> <span class='ocrx_word' id='word_1_432' title='bbox 2243 829 2293 873; x_wconf 88' lang='lat' dir='ltr'>ad</span> 
     </span>
     <span class='ocr_line' id='line_1_66' title="bbox 1261 882 2295 934; baseline 0.005 -9"><span class='ocrx_word' id='word_1_433' title='bbox 1261 882 1578 926; x_wconf 88' lang='lat' dir='ltr'>mercimonium</span> <span class='ocrx_word' id='word_1_434' title='bbox 1596 914 1608 934; x_wconf 87' lang='lat'>,</span> <span class='ocrx_word' id='word_1_435' title='bbox 1640 883 1760 927; x_wconf 84' lang='lat' dir='ltr'>tacite</span> <span class='ocrx_word' id='word_1_436' title='bbox 1792 883 1982 927; x_wconf 84' lang='lat' dir='ltr'>videntur</span> <span class='ocrx_word' id='word_1_437' title='bbox 2003 886 2043 927; x_wconf 90' lang='lat' dir='ltr'>in</span> <span class='ocrx_word' id='word_1_438' title='bbox 2065 885 2295 930; x_wconf 67' lang='lat' dir='ltr'>contraE’ms</span> 
     </span>
     <span class='ocr_line' id='line_1_67' title="bbox 1258 939 2295 999; baseline 0.004 -17"><span class='ocrx_word' id='word_1_439' title='bbox 1258 939 1466 993; x_wconf 81' lang='lat' dir='ltr'>filiorum,</span> <span class='ocrx_word' id='word_1_440' title='bbox 1499 941 1564 982; x_wconf 86' lang='lat' dir='ltr'>vel</span> <span class='ocrx_word' id='word_1_441' title='bbox 1596 939 1801 983; x_wconf 77' lang='lat' dir='ltr'>servorum</span> <span class='ocrx_word' id='word_1_442' title='bbox 1833 942 2098 994; x_wconf 77' lang='lat' dir='ltr'>consensisse3</span> <span class='ocrx_word' id='word_1_443' title='bbox 2132 954 2295 999; x_wconf 89' lang='lat' dir='ltr'>propte-</span> 
     </span>
     <span class='ocr_line' id='line_1_68' title="bbox 1259 995 2294 1053; baseline 0.005 -15"><span class='ocrx_word' id='word_1_444' title='bbox 1259 1012 1323 1040; x_wconf 84' lang='lat' dir='ltr'>rea</span> <span class='ocrx_word' id='word_1_445' title='bbox 1356 995 1452 1046; x_wconf 88' lang='lat' dir='ltr'>jussu</span> <span class='ocrx_word' id='word_1_446' title='bbox 1486 996 1670 1039; x_wconf 75' lang='lat' dir='ltr'>Praetoris</span> <span class='ocrx_word' id='word_1_447' title='bbox 1699 1013 1723 1040; x_wconf 90' lang='lat' dir='ltr'>a</span> <span class='ocrx_word' id='word_1_448' title='bbox 1752 997 2033 1041; x_wconf 88' lang='lat' dir='ltr'>Creditoribus</span> <span class='ocrx_word' id='word_1_449' title='bbox 2065 999 2138 1042; x_wconf 81' lang='lat' dir='ltr'>filii</span> <span class='ocrx_word' id='word_1_450' title='bbox 2180 1031 2192 1053; x_wconf 92' lang='lat'>,</span> <span class='ocrx_word' id='word_1_451' title='bbox 2228 999 2294 1043; x_wconf 80' lang='lat' dir='ltr'>vel</span> 
     </span>
     <span class='ocr_line' id='line_1_69' title="bbox 1262 1052 2294 1108; baseline 0.004 -13"><span class='ocrx_word' id='word_1_452' title='bbox 1262 1052 1362 1096; x_wconf 83' lang='lat' dir='ltr'>servi</span> <span class='ocrx_word' id='word_1_453' title='bbox 1394 1053 1697 1096; x_wconf 80' lang='lat' dir='ltr'>conveniuntur</span> <span class='ocrx_word' id='word_1_454' title='bbox 1722 1084 1735 1106; x_wconf 90' lang='lat'>,</span> <span class='ocrx_word' id='word_1_455' title='bbox 1784 1068 1868 1096; x_wconf 90' lang='lat' dir='ltr'>non</span> <span class='ocrx_word' id='word_1_456' title='bbox 1911 1054 2076 1108; x_wconf 85' lang='lat' dir='ltr'>quidem</span> <span class='ocrx_word' id='word_1_457' title='bbox 2127 1056 2170 1099; x_wconf 82' lang='lat' dir='ltr'>in</span> <span class='ocrx_word' id='word_1_458' title='bbox 2203 1055 2294 1099; x_wconf 86' lang='lat' dir='ltr'>soli-</span> 
     </span>
     <span class='ocr_line' id='line_1_70' title="bbox 1257 1109 2295 1168; baseline 0.004 -16"><span class='ocrx_word' id='word_1_459' title='bbox 1257 1109 1354 1152; x_wconf 88' lang='lat' dir='ltr'>dum</span> <span class='ocrx_word' id='word_1_460' title='bbox 1388 1140 1399 1162; x_wconf 90' lang='lat'>,</span> <span class='ocrx_word' id='word_1_461' title='bbox 1450 1109 1509 1153; x_wconf 85' lang='lat' dir='ltr'>sed</span> <span class='ocrx_word' id='word_1_462' title='bbox 1540 1122 1737 1166; x_wconf 83' lang='lat' dir='ltr'>quatenus</span> <span class='ocrx_word' id='word_1_463' title='bbox 1770 1111 1964 1164; x_wconf 83' lang='lat' dir='ltr'>poffident</span> <span class='ocrx_word' id='word_1_464' title='bbox 1995 1126 2045 1155; x_wconf 83' lang='lat' dir='ltr'>ex</span> <span class='ocrx_word' id='word_1_465' title='bbox 2078 1111 2193 1156; x_wconf 90' lang='lat' dir='ltr'>bonis</span> <span class='ocrx_word' id='word_1_466' title='bbox 2226 1127 2295 1168; x_wconf 90' lang='lat' dir='ltr'>pe-</span> 
     </span>
     <span class='ocr_line' id='line_1_71' title="bbox 1258 1165 2299 1213; baseline 0.003 -4"><span class='ocrx_word' id='word_1_467' title='bbox 1258 1166 1474 1210; x_wconf 85' lang='lat' dir='ltr'>culiaribus</span> <span class='ocrx_word' id='word_1_468' title='bbox 1513 1196 1524 1210; x_wconf 89' lang='lat'><strong>.</strong></span> <span class='ocrx_word' id='word_1_469' title='bbox 1566 1166 1641 1209; x_wconf 91' lang='lat' dir='ltr'>Sed</span> <span class='ocrx_word' id='word_1_470' title='bbox 1673 1165 1699 1209; x_wconf 82' lang='lat' dir='ltr'>si</span> <span class='ocrx_word' id='word_1_471' title='bbox 1730 1167 1963 1211; x_wconf 87' lang='lat' dir='ltr'>Creditores</span> <span class='ocrx_word' id='word_1_472' title='bbox 1996 1167 2072 1210; x_wconf 89' lang='lat' dir='ltr'>sint</span> <span class='ocrx_word' id='word_1_473' title='bbox 2102 1184 2152 1212; x_wconf 89' lang='lat' dir='ltr'>ex</span> <span class='ocrx_word' id='word_1_474' title='bbox 2183 1169 2299 1213; x_wconf 84' lang='lat' dir='ltr'>causa</span> 
     </span>
     <span class='ocr_line' id='line_1_72' title="bbox 1260 1222 2296 1277; baseline 0.004 -12"><span class='ocrx_word' id='word_1_475' title='bbox 1260 1225 1438 1277; x_wconf 84' lang='lat' dir='ltr'>pecuniae</span> <span class='ocrx_word' id='word_1_476' title='bbox 1480 1222 1566 1266; x_wconf 91' lang='lat' dir='ltr'>filio</span> <span class='ocrx_word' id='word_1_477' title='bbox 1599 1231 1793 1267; x_wconf 69' lang='lat' dir='ltr'>mutuatae</span> <span class='ocrx_word' id='word_1_478' title='bbox 1824 1237 1966 1268; x_wconf 86' lang='lat' dir='ltr'>contra</span> <span class='ocrx_word' id='word_1_479' title='bbox 1996 1225 2035 1267; x_wconf 89' lang='lat' dir='ltr'>S.</span> <span class='ocrx_word' id='word_1_480' title='bbox 2066 1226 2118 1267; x_wconf 87' lang='lat' dir='ltr'>C.</span> <span class='ocrx_word' id='word_1_481' title='bbox 2152 1227 2296 1269; x_wconf 87' lang='lat' dir='ltr'>Mace·</span> 
     </span>
     <span class='ocr_line' id='line_1_73' title="bbox 1258 1280 2296 1341; baseline 0.005 -20"><span class='ocrx_word' id='word_1_482' title='bbox 1258 1281 1481 1322; x_wconf 82' lang='lat' dir='ltr'>donianum</span> <span class='ocrx_word' id='word_1_483' title='bbox 1526 1295 1577 1324; x_wconf 86' lang='lat' dir='ltr'>ne</span> <span class='ocrx_word' id='word_1_484' title='bbox 1609 1281 1773 1336; x_wconf 88' lang='lat' dir='ltr'>quidem</span> <span class='ocrx_word' id='word_1_485' title='bbox 1815 1296 1865 1324; x_wconf 82' lang='lat' dir='ltr'>ex</span> <span class='ocrx_word' id='word_1_486' title='bbox 1896 1280 2188 1341; x_wconf 78' lang='lat' dir='ltr'>causa—peculii</span> <span class='ocrx_word' id='word_1_487' title='bbox 2221 1282 2296 1326; x_wconf 84' lang='lat' dir='ltr'>Pa-</span> 
     </span>
     <span class='ocr_line' id='line_1_74' title="bbox 1260 1349 1763 1393; baseline 0 -15"><span class='ocrx_word' id='word_1_488' title='bbox 1260 1349 1391 1380; x_wconf 83' lang='lat' dir='ltr'>rentes</span> <span class='ocrx_word' id='word_1_489' title='bbox 1422 1350 1614 1380; x_wconf 84' lang='lat' dir='ltr'>tenentur</span> <span class='ocrx_word' id='word_1_490' title='bbox 1634 1369 1644 1378; x_wconf 89' lang='lat'><em>.</em></span> <span class='ocrx_word' id='word_1_491' title='bbox 1758 1390 1763 1393; x_wconf 29' lang='grc' dir='ltr'><strong><em>Ι</em></strong></span> 
     </span>
    </p>

    <p class='ocr_par' dir='ltr' id='par_1_6' title="bbox 1259 1393 2301 1903">
     <span class='ocr_line' id='line_1_75' title="bbox 1315 1393 2298 1451; baseline 0.003 -14"><span class='ocrx_word' id='word_1_492' title='bbox 1315 1395 1420 1437; x_wconf 86' lang='lat' dir='ltr'>Sunt</span> <span class='ocrx_word' id='word_1_493' title='bbox 1451 1394 1686 1437; x_wconf 64' lang='lat' dir='ltr'>&amp;afflones</span> <span class='ocrx_word' id='word_1_494' title='bbox 1721 1393 2036 1448; x_wconf 57' lang='lat' dir='ltr'>praejudiciales,</span> <span class='ocrx_word' id='word_1_495' title='bbox 2067 1410 2156 1451; x_wconf 82' lang='lat' dir='ltr'>quae</span> <span class='ocrx_word' id='word_1_496' title='bbox 2186 1394 2298 1440; x_wconf 80' lang='lat' dir='ltr'>insti·</span> 
     </span>
     <span class='ocr_line' id='line_1_76' title="bbox 1261 1449 2295 1506; baseline 0.005 -14"><span class='ocrx_word' id='word_1_497' title='bbox 1261 1463 1343 1493; x_wconf 89' lang='lat' dir='ltr'>tuta</span> <span class='ocrx_word' id='word_1_498' title='bbox 1365 1451 1522 1502; x_wconf 88' lang='lat' dir='ltr'>Judicia</span> <span class='ocrx_word' id='word_1_499' title='bbox 1544 1449 1784 1506; x_wconf 87' lang='lat' dir='ltr'>suspendunt</span> <span class='ocrx_word' id='word_1_500' title='bbox 1803 1483 1814 1504; x_wconf 90' lang='lat'>,</span> <span class='ocrx_word' id='word_1_501' title='bbox 1845 1452 1973 1494; x_wconf 86' lang='lat' dir='ltr'>donec</span> <span class='ocrx_word' id='word_1_502' title='bbox 1991 1452 2037 1494; x_wconf 88' lang='lat' dir='ltr'>de</span> <span class='ocrx_word' id='word_1_503' title='bbox 2060 1451 2204 1503; x_wconf 81' lang='lat' dir='ltr'>majori</span> <span class='ocrx_word' id='word_1_504' title='bbox 2227 1468 2295 1497; x_wconf 89' lang='lat' dir='ltr'>co-</span> 
     </span>
     <span class='ocr_line' id='line_1_77' title="bbox 1259 1507 2295 1563; baseline 0.003 -13"><span class='ocrx_word' id='word_1_505' title='bbox 1259 1508 1445 1563; x_wconf 87' lang='lat' dir='ltr'>gnitione</span> <span class='ocrx_word' id='word_1_506' title='bbox 1478 1508 1669 1551; x_wconf 71' lang='lat' dir='ltr'>tra&amp;etur</span> <span class='ocrx_word' id='word_1_507' title='bbox 1694 1540 1706 1561; x_wconf 89' lang='lat'>,</span> <span class='ocrx_word' id='word_1_508' title='bbox 1748 1523 1796 1552; x_wconf 80' lang='lat' dir='ltr'>ex</span> <span class='ocrx_word' id='word_1_509' title='bbox 1829 1507 1940 1557; x_wconf 82' lang='lat' dir='ltr'>cujus</span> <span class='ocrx_word' id='word_1_510' title='bbox 1971 1521 2122 1552; x_wconf 86' lang='lat' dir='ltr'>eventu</span> <span class='ocrx_word' id='word_1_511' title='bbox 2155 1509 2295 1553; x_wconf 83' lang='lat' dir='ltr'>minor</span> 
     </span>
     <span class='ocr_line' id='line_1_78' title="bbox 1259 1564 2295 1620; baseline 0.001 -12"><span class='ocrx_word' id='word_1_512' title='bbox 1259 1565 1442 1620; x_wconf 84' lang='lat' dir='ltr'>cognitio</span> <span class='ocrx_word' id='word_1_513' title='bbox 1475 1565 1655 1620; x_wconf 87' lang='lat' dir='ltr'>pendet.</span> <span class='ocrx_word' id='word_1_514' title='bbox 1692 1564 1833 1608; x_wconf 84' lang='lat' dir='ltr'>Veluti</span> <span class='ocrx_word' id='word_1_515' title='bbox 1867 1564 1893 1606; x_wconf 90' lang='lat' dir='ltr'>si</span> <span class='ocrx_word' id='word_1_516' title='bbox 1925 1578 2066 1620; x_wconf 83' lang='lat' dir='ltr'>agatur</span> <span class='ocrx_word' id='word_1_517' title='bbox 2099 1566 2146 1608; x_wconf 88' lang='lat' dir='ltr'>de</span> <span class='ocrx_word' id='word_1_518' title='bbox 2178 1566 2295 1610; x_wconf 87' lang='lat' dir='ltr'>here-</span> 
     </span>
     <span class='ocr_line' id='line_1_79' title="bbox 1259 1621 2298 1677; baseline 0.002 -14"><span class='ocrx_word' id='word_1_519' title='bbox 1259 1621 1385 1665; x_wconf 85' lang='lat' dir='ltr'>ditate</span> <span class='ocrx_word' id='word_1_520' title='bbox 1419 1634 1583 1676; x_wconf 84' lang='lat' dir='ltr'>paterna</span> <span class='ocrx_word' id='word_1_521' title='bbox 1606 1653 1669 1676; x_wconf 13' lang='grc' dir='ltr'>’,Ἥ</span> <span class='ocrx_word' id='word_1_522' title='bbox 1733 1621 1885 1664; x_wconf 81' lang='lat' dir='ltr'>incidat</span> <span class='ocrx_word' id='word_1_523' title='bbox 1917 1622 2080 1677; x_wconf 71' lang='lat' dir='ltr'>quaesiio</span> <span class='ocrx_word' id='word_1_524' title='bbox 2110 1637 2160 1664; x_wconf 85' lang='lat' dir='ltr'>an</span> <span class='ocrx_word' id='word_1_525' title='bbox 2196 1623 2298 1677; x_wconf 86' lang='lat' dir='ltr'>peti-</span> 
     </span>
     <span class='ocr_line' id='line_1_80' title="bbox 1262 1678 2298 1734; baseline 0.001 -14"><span class='ocrx_word' id='word_1_526' title='bbox 1262 1691 1324 1721; x_wconf 91' lang='lat' dir='ltr'>tor</span> <span class='ocrx_word' id='word_1_527' title='bbox 1355 1679 1400 1721; x_wconf 78' lang='lat' dir='ltr'>sit</span> <span class='ocrx_word' id='word_1_528' title='bbox 1429 1679 1564 1730; x_wconf 81' lang='lat' dir='ltr'>filius;</span> <span class='ocrx_word' id='word_1_529' title='bbox 1727 1678 1906 1732; x_wconf 81' lang='lat' dir='ltr'>suspensa</span> <span class='ocrx_word' id='word_1_530' title='bbox 1940 1678 2171 1721; x_wconf 82' lang='lat' dir='ltr'>hereditatis</span> <span class='ocrx_word' id='word_1_531' title='bbox 2191 1693 2298 1734; x_wconf 77' lang='lat' dir='ltr'>quoe-</span> 
     </span>
     <span class='ocr_line' id='line_1_81' title="bbox 1262 1734 2301 1798; baseline 0.001 -20"><span class='ocrx_word' id='word_1_532' title='bbox 1262 1736 1385 1778; x_wconf 79' lang='lat' dir='ltr'>stione</span> <span class='ocrx_word' id='word_1_533' title='bbox 1403 1768 1416 1789; x_wconf 86' lang='lat'>,</span> <span class='ocrx_word' id='word_1_534' title='bbox 1436 1735 1622 1790; x_wconf 85' lang='lat' dir='ltr'>cognitio</span> <span class='ocrx_word' id='word_1_535' title='bbox 1642 1734 1888 1788; x_wconf 85' lang='lat' dir='ltr'>suscipienda</span> <span class='ocrx_word' id='word_1_536' title='bbox 1907 1735 1959 1777; x_wconf 87' lang='lat' dir='ltr'>est</span> <span class='ocrx_word' id='word_1_537' title='bbox 1973 1736 2019 1778; x_wconf 89' lang='lat' dir='ltr'>de</span> <span class='ocrx_word' id='word_1_538' title='bbox 2040 1734 2192 1798; x_wconf 51' lang='lat' dir='ltr'>majffli</span> <span class='ocrx_word' id='word_1_539' title='bbox 2205 1751 2301 1779; x_wconf 80' lang='lat' dir='ltr'>cau-</span> 
     </span>
     <span class='ocr_line' id='line_1_82' title="bbox 1262 1790 2298 1850; baseline 0.002 -17"><span class='ocrx_word' id='word_1_540' title='bbox 1262 1793 1295 1834; x_wconf 88' lang='lat' dir='ltr'>sa</span> <span class='ocrx_word' id='word_1_541' title='bbox 1311 1824 1322 1846; x_wconf 91' lang='lat'>,</span> <span class='ocrx_word' id='word_1_542' title='bbox 1355 1808 1502 1847; x_wconf 80' lang='lat' dir='ltr'>nempe</span> <span class='ocrx_word' id='word_1_543' title='bbox 1533 1807 1584 1834; x_wconf 87' lang='lat' dir='ltr'>an</span> <span class='ocrx_word' id='word_1_544' title='bbox 1605 1790 1682 1850; x_wconf 68' lang='lat' dir='ltr'>ille</span> <span class='ocrx_word' id='word_1_545' title='bbox 1707 1791 1752 1834; x_wconf 86' lang='lat' dir='ltr'>sit</span> <span class='ocrx_word' id='word_1_546' title='bbox 1774 1791 1879 1834; x_wconf 83' lang='lat' dir='ltr'>filius</span> <span class='ocrx_word' id='word_1_547' title='bbox 1902 1807 1913 1843; x_wconf 77' lang='lat'>3</span> <span class='ocrx_word' id='word_1_548' title='bbox 1944 1807 2031 1846; x_wconf 86' lang='lat' dir='ltr'>quae</span> <span class='ocrx_word' id='word_1_549' title='bbox 2051 1791 2298 1846; x_wconf 74' lang='lat' dir='ltr'>praeiudicia-</span> 
     </span>
     <span class='ocr_line' id='line_1_83' title="bbox 1263 1847 2295 1903; baseline 0 -12"><span class='ocrx_word' id='word_1_550' title='bbox 1263 1849 1309 1892; x_wconf 88' lang='lat' dir='ltr'>lis</span> <span class='ocrx_word' id='word_1_551' title='bbox 1331 1849 1437 1892; x_wconf 68' lang='lat' dir='ltr'>affio</span> <span class='ocrx_word' id='word_1_552' title='bbox 1456 1849 1643 1900; x_wconf 67' lang='lat' dir='ltr'>dicitur,</span> <span class='ocrx_word' id='word_1_553' title='bbox 1657 1847 1756 1903; x_wconf 76' lang='lat' dir='ltr'>’quia</span> <span class='ocrx_word' id='word_1_554' title='bbox 1770 1848 1822 1890; x_wconf 86' lang='lat' dir='ltr'>est</span> <span class='ocrx_word' id='word_1_555' title='bbox 1837 1848 2041 1899; x_wconf 84' lang='lat' dir='ltr'>Judicium</span> <span class='ocrx_word' id='word_1_556' title='bbox 2058 1848 2295 1903; x_wconf 83' lang='lat' dir='ltr'>praecedens.</span> 
     </span>
    </p>

    <p class='ocr_par' dir='ltr' id='par_1_7' title="bbox 1259 1905 2300 2130">
     <span class='ocr_line' id='line_1_84' title="bbox 1316 1905 2298 1960; baseline -0.001 -12"><span class='ocrx_word' id='word_1_557' title='bbox 1316 1906 1420 1948; x_wconf 87' lang='lat' dir='ltr'>Sunt</span> <span class='ocrx_word' id='word_1_558' title='bbox 1449 1906 1489 1948; x_wconf 85' lang='lat'>&amp;</span> <span class='ocrx_word' id='word_1_559' title='bbox 1510 1905 1724 1958; x_wconf 55' lang='lat' dir='ltr'>actiones,</span> <span class='ocrx_word' id='word_1_560' title='bbox 1743 1919 1830 1960; x_wconf 81' lang='lat' dir='ltr'>quae</span> <span class='ocrx_word' id='word_1_561' title='bbox 1862 1919 1991 1958; x_wconf 70' lang='lat' dir='ltr'>poenae</span> <span class='ocrx_word' id='word_1_562' title='bbox 2024 1905 2298 1959; x_wconf 75' lang='lat' dir='ltr'>persecutoriae</span> 
     </span>
     <span class='ocr_line' id='line_1_85' title="bbox 1260 1961 2300 2018; baseline -0.001 -13"><span class='ocrx_word' id='word_1_563' title='bbox 1260 1962 1518 2017; x_wconf 81' lang='lat' dir='ltr'>appellantur</span> <span class='ocrx_word' id='word_1_564' title='bbox 1544 1993 1555 2015; x_wconf 91' lang='lat'>‚</span> <span class='ocrx_word' id='word_1_565' title='bbox 1587 1962 1731 2018; x_wconf 85' lang='lat' dir='ltr'>quibus</span> <span class='ocrx_word' id='word_1_566' title='bbox 1762 1962 1940 2015; x_wconf 84' lang='lat' dir='ltr'>petimus</span> <span class='ocrx_word' id='word_1_567' title='bbox 1966 1992 1978 2014; x_wconf 92' lang='lat'>,</span> <span class='ocrx_word' id='word_1_568' title='bbox 2029 1972 2072 2004; x_wconf 89' lang='lat' dir='ltr'>ut</span> <span class='ocrx_word' id='word_1_569' title='bbox 2102 1961 2171 2017; x_wconf 88' lang='lat' dir='ltr'>qui</span> <span class='ocrx_word' id='word_1_570' title='bbox 2206 1966 2300 2016; x_wconf 77' lang='lat' dir='ltr'>pro-</span> 
     </span>
     <span class='ocr_line' id='line_1_86' title="bbox 1261 2017 2298 2075; baseline 0.002 -15"><span class='ocrx_word' id='word_1_571' title='bbox 1261 2032 1347 2075; x_wconf 80' lang='lat' dir='ltr'>pter</span> <span class='ocrx_word' id='word_1_572' title='bbox 1377 2018 1568 2062; x_wconf 64' lang='lat' dir='ltr'>desistam</span> <span class='ocrx_word' id='word_1_573' title='bbox 1599 2050 1610 2071; x_wconf 90' lang='lat'>,</span> <span class='ocrx_word' id='word_1_574' title='bbox 1654 2034 1734 2072; x_wconf 88' lang='lat' dir='ltr'>quo</span> <span class='ocrx_word' id='word_1_575' title='bbox 1783 2033 1857 2060; x_wconf 88' lang='lat' dir='ltr'>nos</span> <span class='ocrx_word' id='word_1_576' title='bbox 1891 2017 2073 2061; x_wconf 81' lang='lat' dir='ltr'>laeserunt</span> <span class='ocrx_word' id='word_1_577' title='bbox 2104 2017 2221 2062; x_wconf 89' lang='lat' dir='ltr'>nobis</span> <span class='ocrx_word' id='word_1_578' title='bbox 2254 2018 2298 2062; x_wconf 89' lang='lat' dir='ltr'>in</span> 
     </span>
     <span class='ocr_line' id='line_1_87' title="bbox 1259 2075 1951 2130; baseline -0.009 -10"><span class='ocrx_word' id='word_1_579' title='bbox 1259 2088 1413 2120; x_wconf 80' lang='lat' dir='ltr'>certam</span> <span class='ocrx_word' id='word_1_580' title='bbox 1446 2075 1660 2130; x_wconf 89' lang='lat' dir='ltr'>pecuniam</span> <span class='ocrx_word' id='word_1_581' title='bbox 1676 2075 1951 2118; x_wconf 85' lang='lat' dir='ltr'>damnentur.</span> 
     </span>
    </p>

    <p class='ocr_par' dir='ltr' id='par_1_8' title="bbox 1259 2130 2301 2583">
     <span class='ocr_line' id='line_1_88' title="bbox 1317 2130 2298 2188; baseline -0.001 -13"><span class='ocrx_word' id='word_1_582' title='bbox 1317 2134 1373 2176; x_wconf 89' lang='lat' dir='ltr'>Et</span> <span class='ocrx_word' id='word_1_583' title='bbox 1414 2131 1612 2188; x_wconf 87' lang='lat' dir='ltr'>quoniam</span> <span class='ocrx_word' id='word_1_584' title='bbox 1653 2130 1874 2187; x_wconf 87' lang='lat' dir='ltr'>aliquando</span> <span class='ocrx_word' id='word_1_585' title='bbox 1922 2147 2009 2174; x_wconf 88' lang='lat' dir='ltr'>reus</span> <span class='ocrx_word' id='word_1_586' title='bbox 2040 2131 2260 2176; x_wconf 86' lang='lat' dir='ltr'>damnatur</span> <span class='ocrx_word' id='word_1_587' title='bbox 2284 2163 2298 2185; x_wconf 94' lang='lat'>‚</span> 
     </span>
     <span class='ocr_line' id='line_1_89' title="bbox 1262 2188 2296 2243; baseline 0.001 -11"><span class='ocrx_word' id='word_1_588' title='bbox 1262 2205 1344 2232; x_wconf 88' lang='lat' dir='ltr'>non</span> <span class='ocrx_word' id='word_1_589' title='bbox 1377 2189 1498 2232; x_wconf 91' lang='lat' dir='ltr'>modo</span> <span class='ocrx_word' id='word_1_590' title='bbox 1528 2189 1576 2231; x_wconf 86' lang='lat' dir='ltr'>ad</span> <span class='ocrx_word' id='word_1_591' title='bbox 1607 2188 1910 2243; x_wconf 87' lang='lat' dir='ltr'>rependendum</span> <span class='ocrx_word' id='word_1_592' title='bbox 1948 2189 2064 2232; x_wconf 88' lang='lat' dir='ltr'>nobis</span> <span class='ocrx_word' id='word_1_593' title='bbox 2095 2189 2296 2237; x_wconf 85' lang='lat' dir='ltr'>damnum</span> 
     </span>
     <span class='ocr_line' id='line_1_90' title="bbox 1259 2244 2301 2300; baseline -0.001 -11"><span class='ocrx_word' id='word_1_594' title='bbox 1259 2246 1451 2300; x_wconf 84' lang='lat' dir='ltr'>illatum,</span> <span class='ocrx_word' id='word_1_595' title='bbox 1485 2244 1546 2288; x_wconf 89' lang='lat' dir='ltr'>sed</span> <span class='ocrx_word' id='word_1_596' title='bbox 1576 2260 1625 2289; x_wconf 85' lang='lat' dir='ltr'>ex</span> <span class='ocrx_word' id='word_1_597' title='bbox 1657 2245 1916 2289; x_wconf 86' lang='lat' dir='ltr'>contumacia</span> <span class='ocrx_word' id='word_1_598' title='bbox 1949 2247 2012 2288; x_wconf 88' lang='lat' dir='ltr'>sua</span> <span class='ocrx_word' id='word_1_599' title='bbox 2044 2244 2168 2289; x_wconf 88' lang='lat' dir='ltr'>etiam</span> <span class='ocrx_word' id='word_1_600' title='bbox 2197 2261 2301 2295; x_wconf 87' lang='lat' dir='ltr'>con-</span> 
     </span>
     <span class='ocr_line' id='line_1_91' title="bbox 1259 2301 2299 2358; baseline -0.003 -11"><span class='ocrx_word' id='word_1_601' title='bbox 1259 2304 1477 2347; x_wconf 87' lang='lat' dir='ltr'>demnatur</span> <span class='ocrx_word' id='word_1_602' title='bbox 1502 2302 1615 2358; x_wconf 86' lang='lat' dir='ltr'>supra</span> <span class='ocrx_word' id='word_1_603' title='bbox 1637 2302 1835 2346; x_wconf 88' lang='lat' dir='ltr'>damnum</span> <span class='ocrx_word' id='word_1_604' title='bbox 1851 2333 1864 2356; x_wconf 87' lang='lat'>,</span> <span class='ocrx_word' id='word_1_605' title='bbox 1897 2314 2060 2356; x_wconf 88' lang='lat' dir='ltr'>propter</span> <span class='ocrx_word' id='word_1_606' title='bbox 2083 2301 2191 2351; x_wconf 87' lang='lat' dir='ltr'>hanc</span> <span class='ocrx_word' id='word_1_607' title='bbox 2216 2301 2299 2344; x_wconf 87' lang='lat' dir='ltr'>mi-</span> 
     </span>
     <span class='ocr_line' id='line_1_92' title="bbox 1261 2357 2298 2414; baseline -0.003 -11"><span class='ocrx_word' id='word_1_608' title='bbox 1261 2361 1407 2405; x_wconf 80' lang='lat' dir='ltr'>sturam</span> <span class='ocrx_word' id='word_1_609' title='bbox 1441 2374 1572 2414; x_wconf 81' lang='lat' dir='ltr'>poenae</span> <span class='ocrx_word' id='word_1_610' title='bbox 1613 2359 1656 2402; x_wconf 66' lang='grc' dir='ltr'>δι</span> <span class='ocrx_word' id='word_1_611' title='bbox 1687 2359 1827 2402; x_wconf 88' lang='lat' dir='ltr'>damni</span> <span class='ocrx_word' id='word_1_612' title='bbox 1859 2358 1984 2401; x_wconf 81' lang='lat' dir='ltr'>mistae</span> <span class='ocrx_word' id='word_1_613' title='bbox 2014 2357 2298 2413; x_wconf 44' lang='lat' dir='ltr'>afiiones⁴ap-</span> 
     </span>
     <span class='ocr_line' id='line_1_93' title="bbox 1261 2413 2298 2472; baseline -0.004 -11"><span class='ocrx_word' id='word_1_614' title='bbox 1261 2417 1464 2472; x_wconf 86' lang='lat' dir='ltr'>pellantur</span> <span class='ocrx_word' id='word_1_615' title='bbox 1489 2448 1501 2469; x_wconf 90' lang='lat'>‚</span> <span class='ocrx_word' id='word_1_616' title='bbox 1531 2415 1662 2472; x_wconf 90' lang='lat' dir='ltr'>qualis</span> <span class='ocrx_word' id='word_1_617' title='bbox 1691 2416 1744 2459; x_wconf 85' lang='lat' dir='ltr'>est</span> <span class='ocrx_word' id='word_1_618' title='bbox 1774 2414 1879 2458; x_wconf 58' lang='lat' dir='ltr'>aetio</span> <span class='ocrx_word' id='word_1_619' title='bbox 1909 2430 1957 2458; x_wconf 81' lang='lat' dir='ltr'>ex</span> <span class='ocrx_word' id='word_1_620' title='bbox 1990 2413 2077 2471; x_wconf 79' lang='lat' dir='ltr'>lege</span> <span class='ocrx_word' id='word_1_621' title='bbox 2110 2414 2298 2470; x_wconf 79' lang='lat' dir='ltr'>Aquilia,</span> 
     </span>
     <span class='ocr_line' id='line_1_94' title="bbox 1259 2471 2297 2530; baseline -0.003 -12"><span class='ocrx_word' id='word_1_622' title='bbox 1259 2474 1305 2518; x_wconf 87' lang='lat' dir='ltr'>in</span> <span class='ocrx_word' id='word_1_623' title='bbox 1335 2490 1414 2530; x_wconf 87' lang='lat' dir='ltr'>qua</span> <span class='ocrx_word' id='word_1_624' title='bbox 1448 2473 1472 2516; x_wconf 84' lang='lat' dir='ltr'>si</span> <span class='ocrx_word' id='word_1_625' title='bbox 1496 2475 1585 2528; x_wconf 86' lang='lat' dir='ltr'>quis</span> <span class='ocrx_word' id='word_1_626' title='bbox 1616 2484 1761 2529; x_wconf 89' lang='lat' dir='ltr'>neget,</span> <span class='ocrx_word' id='word_1_627' title='bbox 1793 2471 1835 2514; x_wconf 86' lang='lat'>&amp;</span> <span class='ocrx_word' id='word_1_628' title='bbox 1860 2471 2065 2514; x_wconf 83' lang='lat' dir='ltr'>inficietur</span> <span class='ocrx_word' id='word_1_629' title='bbox 2094 2471 2297 2515; x_wconf 84' lang='lat' dir='ltr'>damnum</span> 
     </span>
     <span class='ocr_line' id='line_1_95' title="bbox 1262 2526 2210 2583; baseline -0.004 -10"><span class='ocrx_word' id='word_1_630' title='bbox 1262 2532 1377 2575; x_wconf 83' lang='lat' dir='ltr'>nobis</span> <span class='ocrx_word' id='word_1_631' title='bbox 1406 2529 1547 2574; x_wconf 72' lang='lat' dir='ltr'>dedisse</span> <span class='ocrx_word' id='word_1_632' title='bbox 1568 2560 1580 2583; x_wconf 91' lang='lat'>‚</span> <span class='ocrx_word' id='word_1_633' title='bbox 1611 2529 1908 2572; x_wconf 86' lang='lat' dir='ltr'>condemnatur</span> <span class='ocrx_word' id='word_1_634' title='bbox 1939 2526 1983 2569; x_wconf 89' lang='lat' dir='ltr'>in</span> <span class='ocrx_word' id='word_1_635' title='bbox 2014 2527 2210 2583; x_wconf 87' lang='lat' dir='ltr'>duplum.</span> 
     </span>
    </p>

    <p class='ocr_par' dir='ltr' id='par_1_9' title="bbox 1259 2583 2302 3137">
     <span class='ocr_line' id='line_1_96' title="bbox 1287 2583 2302 2640; baseline -0.004 -9"><span class='ocrx_word' id='word_1_636' title='bbox 1287 2611 1295 2619; x_wconf 94' lang='lat'>·</span> <span class='ocrx_word' id='word_1_637' title='bbox 1347 2585 1558 2631; x_wconf 88' lang='lat' dir='ltr'>Dicuntur</span> <span class='ocrx_word' id='word_1_638' title='bbox 1597 2586 1642 2639; x_wconf 72' lang='grc' dir='ltr'>ὃς</span> <span class='ocrx_word' id='word_1_639' title='bbox 1686 2585 1811 2627; x_wconf 83' lang='lat' dir='ltr'>mistae</span> <span class='ocrx_word' id='word_1_640' title='bbox 1850 2583 2028 2627; x_wconf 61' lang='lat' dir='ltr'>artiones</span> <span class='ocrx_word' id='word_1_641' title='bbox 2059 2616 2073 2638; x_wconf 90' lang='lat'>‚</span> <span class='ocrx_word' id='word_1_642' title='bbox 2117 2596 2302 2640; x_wconf 57' lang='lat' dir='ltr'>proptert-</span> 
     </span>
     <span class='ocr_line' id='line_1_97' title="bbox 1259 2639 2298 2700; baseline -0.004 -12"><span class='ocrx_word' id='word_1_643' title='bbox 1259 2660 1305 2688; x_wconf 91' lang='lat' dir='ltr'>ea</span> <span class='ocrx_word' id='word_1_644' title='bbox 1347 2643 1452 2700; x_wconf 90' lang='lat' dir='ltr'>quod</span> <span class='ocrx_word' id='word_1_645' title='bbox 1494 2657 1554 2686; x_wconf 90' lang='lat' dir='ltr'>res</span> <span class='ocrx_word' id='word_1_646' title='bbox 1586 2641 1684 2695; x_wconf 66' lang='grc' dir='ltr'>,ἃ</span> <span class='ocrx_word' id='word_1_647' title='bbox 1715 2639 1880 2694; x_wconf 85' lang='lat' dir='ltr'>persona</span> <span class='ocrx_word' id='word_1_648' title='bbox 1937 2640 2055 2684; x_wconf 83' lang='lat' dir='ltr'>simul</span> <span class='ocrx_word' id='word_1_649' title='bbox 2106 2641 2298 2695; x_wconf 82' lang='lat' dir='ltr'>obligatae</span> 
     </span>
     <span class='ocr_line' id='line_1_98' title="bbox 1265 2697 2298 2755; baseline -0.003 -11"><span class='ocrx_word' id='word_1_650' title='bbox 1265 2717 1332 2755; x_wconf 92' lang='lat' dir='ltr'>per</span> <span class='ocrx_word' id='word_1_651' title='bbox 1383 2715 1449 2743; x_wconf 84' lang='lat' dir='ltr'>eas</span> <span class='ocrx_word' id='word_1_652' title='bbox 1497 2697 1805 2742; x_wconf 85' lang='lat' dir='ltr'>conveniuntur</span> <span class='ocrx_word' id='word_1_653' title='bbox 1837 2713 1849 2750; x_wconf 83' lang='lat'><em>3</em></span> <span class='ocrx_word' id='word_1_654' title='bbox 1901 2697 2032 2752; x_wconf 83' lang='lat' dir='ltr'>qualis</span> <span class='ocrx_word' id='word_1_655' title='bbox 2083 2698 2136 2741; x_wconf 89' lang='lat' dir='ltr'>est</span> <span class='ocrx_word' id='word_1_656' title='bbox 2188 2697 2298 2741; x_wconf 61' lang='lat' dir='ltr'>aetio</span> 
     </span>
     <span class='ocr_line' id='line_1_99' title="bbox 1265 2753 2297 2810; baseline -0.005 -9"><span class='ocrx_word' id='word_1_657' title='bbox 1265 2755 1477 2801; x_wconf 87' lang='lat' dir='ltr'>communi</span> <span class='ocrx_word' id='word_1_658' title='bbox 1531 2753 1750 2798; x_wconf 85' lang='lat' dir='ltr'>dividundo</span> <span class='ocrx_word' id='word_1_659' title='bbox 1784 2786 1796 2806; x_wconf 87' lang='lat'>,</span> <span class='ocrx_word' id='word_1_660' title='bbox 1844 2754 1887 2796; x_wconf 91' lang='lat' dir='ltr'>in</span> <span class='ocrx_word' id='word_1_661' title='bbox 1928 2770 2008 2810; x_wconf 88' lang='lat' dir='ltr'>qua</span> <span class='ocrx_word' id='word_1_662' title='bbox 2057 2754 2297 2798; x_wconf 87' lang='lat' dir='ltr'>dividuntur</span> 
     </span>
     <span class='ocr_line' id='line_1_100' title="bbox 1267 2809 2301 2871; baseline -0.005 -12"><span class='ocrx_word' id='word_1_663' title='bbox 1267 2816 1374 2859; x_wconf 85' lang='lat' dir='ltr'>inter</span> <span class='ocrx_word' id='word_1_664' title='bbox 1432 2811 1557 2856; x_wconf 89' lang='lat' dir='ltr'>socios</span> <span class='ocrx_word' id='word_1_665' title='bbox 1621 2810 1690 2854; x_wconf 84' lang='lat' dir='ltr'>sibi</span> <span class='ocrx_word' id='word_1_666' title='bbox 1745 2810 1923 2871; x_wconf 57' lang='grc' dir='ltr'>νὶείίῖῑτῃ4</span> <span class='ocrx_word' id='word_1_667' title='bbox 1985 2809 2186 2867; x_wconf 84' lang='lat' dir='ltr'>obligatos</span> <span class='ocrx_word' id='word_1_668' title='bbox 2249 2825 2301 2854; x_wconf 80' lang='lat' dir='ltr'>ex</span> 
     </span>
     <span class='ocr_line' id='line_1_101' title="bbox 1268 2866 2301 2928; baseline -0.005 -13"><span class='ocrx_word' id='word_1_669' title='bbox 1268 2870 1433 2928; x_wconf 88' lang='lat' dir='ltr'>persona</span> <span class='ocrx_word' id='word_1_670' title='bbox 1486 2866 1739 2925; x_wconf 83' lang='lat' dir='ltr'>singulorum</span> <span class='ocrx_word' id='word_1_671' title='bbox 1793 2867 1900 2910; x_wconf 85' lang='lat' dir='ltr'>bona</span> <span class='ocrx_word' id='word_1_672' title='bbox 1938 2867 2111 2919; x_wconf 88' lang='lat' dir='ltr'>ejusdem</span> <span class='ocrx_word' id='word_1_673' title='bbox 2163 2866 2301 2910; x_wconf 86' lang='lat' dir='ltr'>Socie-</span> 
     </span>
     <span class='ocr_line' id='line_1_102' title="bbox 1269 2923 2299 2979; baseline -0.006 -7"><span class='ocrx_word' id='word_1_674' title='bbox 1269 2924 1377 2972; x_wconf 68' lang='lat' dir='ltr'>tatis?</span> <span class='ocrx_word' id='word_1_675' title='bbox 1402 2924 1580 2979; x_wconf 84' lang='lat' dir='ltr'>obligata</span> <span class='ocrx_word' id='word_1_676' title='bbox 1634 2924 1950 2978; x_wconf 70' lang='lat' dir='ltr'>communiter,</span> <span class='ocrx_word' id='word_1_677' title='bbox 1997 2925 2039 2967; x_wconf 68' lang='grc' dir='ltr'>δι’.</span> <span class='ocrx_word' id='word_1_678' title='bbox 2091 2923 2299 2978; x_wconf 80' lang='lat' dir='ltr'>fingulis3</span> 
     </span>
     <span class='ocr_line' id='line_1_103' title="bbox 1268 2980 2300 3043; baseline -0.007 -14"><span class='ocrx_word' id='word_1_679' title='bbox 1268 2984 1396 3043; x_wconf 87' lang='lat' dir='ltr'>qualis</span> <span class='ocrx_word' id='word_1_680' title='bbox 1440 2982 1579 3026; x_wconf 89' lang='lat' dir='ltr'>itidem</span> <span class='ocrx_word' id='word_1_681' title='bbox 1632 2982 1685 3025; x_wconf 89' lang='lat' dir='ltr'>est</span> <span class='ocrx_word' id='word_1_682' title='bbox 1732 2981 1837 3024; x_wconf 66' lang='lat' dir='ltr'>afi’t-io</span> <span class='ocrx_word' id='word_1_683' title='bbox 1879 2980 2049 3025; x_wconf 67' lang='lat' dir='ltr'>familiae</span> <span class='ocrx_word' id='word_1_684' title='bbox 2098 2980 2300 3024; x_wconf 84' lang='lat' dir='ltr'>erciscun-</span> 
     </span>
     <span class='ocr_line' id='line_1_104' title="bbox 1268 3037 2301 3137; baseline -0.005 -49"><span class='ocrx_word' id='word_1_685' title='bbox 1268 3045 1326 3088; x_wconf 83' lang='lat' dir='ltr'>dae</span> <span class='ocrx_word' id='word_1_686' title='bbox 1355 3074 1368 3098; x_wconf 89' lang='lat'>,</span> <span class='ocrx_word' id='word_1_687' title='bbox 1400 3041 1478 3086; x_wconf 84' lang='lat' dir='ltr'>sive</span> <span class='ocrx_word' id='word_1_688' title='bbox 1509 3037 1731 3084; x_wconf 85' lang='lat' dir='ltr'>dividendae</span> <span class='ocrx_word' id='word_1_689' title='bbox 1763 3037 1999 3083; x_wconf 84' lang='lat' dir='ltr'>hereditatis</span> <span class='ocrx_word' id='word_1_690' title='bbox 2030 3037 2138 3083; x_wconf 84' lang='lat' dir='ltr'>inter</span> <span class='ocrx_word' id='word_1_691' title='bbox 2167 3038 2301 3137; x_wconf 50' lang='lat' dir='ltr'>pluges</span> 
     </span>
    </p>

    <p class='ocr_par' dir='ltr' id='par_1_10' title="bbox 2181 3107 2302 3139">
     <span class='ocr_line' id='line_1_105' title="bbox 2181 3107 2302 3139; baseline 0.008 -1"><span class='ocrx_word' id='word_1_692' title='bbox 2181 3109 2228 3139; x_wconf 81' lang='lat' dir='ltr'>CO</span> <span class='ocrx_word' id='word_1_693' title='bbox 2261 3107 2302 3139; x_wconf 60' lang='grc' dir='ltr'>Ο·</span> 
     </span>
    </p>
   </div>
  </div>
 </body>
</html>
