2451 3470
635 94 1731 151 ORATIONE·=S.

2155 125 2258 177 127

136 172 396 231 imaginibus
423 173 607 216 Deorum
642 169 761 226 puli-is
792 201 804 223 ‚
847 179 1011 212 tantum
1048 166 1173 231 solem
1194 199 1199 220 ἶ
1224 182 1356 231 rerum
1390 165 1563 212 interim
1597 168 1882 225 AEgyptiarum
1917 205 1929 227 ‚
1975 191 2146 232 quarum
2179 184 2259 232 ipse

136 233 181 278 &
212 245 359 288 aquam
386 261 398 284 ,
441 229 499 272 uti
534 228 739 272 elementa
784 240 920 269 rerum
951 239 1172 277 omnium,
1194 223 1199 278 ‚l
1225 226 1453 277 potiebatur
1476 255 1490 278 ,
1532 240 1627 269 cura
1659 227 1850 270 mandata
1884 232 2094 280 Mercurio
2121 271 2133 292 ‚
2164 235 2252 297 qui-

137 290 387 334 adorabant.
422 284 685 330 Immortales
716 283 790 327 esse
815 281 1001 345 ani-mas,
1031 283 1171 344 easque

139 358 302 401 recepto
331 359 499 399 corpore
536 343 584 386 ad
625 353 820 385 aeternam
855 351 985 381 vitam
1019 338 1170 381 reditu-

143 418 206 447 ras
236 401 484 445 asserebant.

190 460 391 502 Indorum
424 472 518 501 vero
553 454 749 512 sapientes
779 483 792 505 ,
841 466 988 506 nempe
1019 450 1168 495 Brach-

136 531 301 568 mane8‚
335 516 598 559 &Sarmanae
615 544 624 555 .
1141 567 1146 573 Ι

131 575 312 630 corporis
342 569 712 626 Gymnosophistas
737 566 1019 630 appellarunt,
1054 565 1170 609 sacris

126 631 253 675 etiam
276 640 498 686 praeerant,
522 627 566 670 ἃ
587 626 717 669 eidem
741 635 938 667 exercitio
954 624 1166 671 vacabant,

657 526 756 567 quos
773 509 898 553 Greci
923 508 973 556 ab
986 508 1169 551 nuditate
1190 527 1194 544 ι·
1219 508 1262 551 &
1292 509 1458 552 Osiridis
1492 511 1734 567 sapientiam
1781 515 2042 570 consignavit
2074 521 2206 566 literis

1190 590 1192 595 ·
1218 580 1390 620 quarum
1423 567 1499 610 fuit
1532 572 1724 612 inventor
1745 602 1754 613 .
1787 574 1911 617 Unde
1936 580 2255 636 γραμμαπύςερ-

1223 280 1383 324 Thebis
1429 283 1618 338 regnavit
1647 283 1744 323 αθεόθ
1776 285 1949 331 Athotes
1980 306 2255 350 nuncupatus,

1222 353 1301 392 quo
1332 339 1572 382 administro
1602 340 1646 382 in
1680 339 1754 383 suis
1774 342 1980 388 beneficiis
2001 347 2253 409 inventisque

1220 394 1468 450 proferendis
1501 396 1627 440 Osiris
1658 399 1849 443 utebatur
1879 433 1888 443 .
1921 403 2156 451 Mercurius
2187 427 2257 455 au-

1221 464 1302 494 tem
1322 483 1333 504 ,
1368 453 1525 504 primus
1557 454 1729 498 humani
1761 457 1914 514 eloquii
1936 463 2112 517 artifex,
2147 466 2255 513 suam

2240 557 2252 576 0

1217 622 1390 674 pellatus
1411 656 1422 675 ,
1456 637 1653 681 tanquam
1685 626 1809 672 scriba
1840 631 2007 675 Osiridis
2025 664 2038 686 ,
2066 647 2186 690 atque
2211 640 2254 682 in

130 687 314 731 moribus
347 701 496 740 nempe
534 683 744 726 mdiorum
776 680 1086 735 componendis·
1105 680 1162 723 fu-
1217 680 1327 721 Deos
1358 680 1576 734 Cabyros,
1609 682 1686 726 hoc
1717 687 1770 728 est
1801 702 1972 744 magnos
1996 721 2008 743 ,
2041 691 2188 737 relatus
2203 697 2252 740 ab

131 745 306 801 turisque
333 741 592 799 praedicendis
611 771 624 791 ,
657 740 749 780 vitae
780 736 1015 792 frugalitate
1036 749 1164 789 tanta,

1215 736 1463 791 AEgyptii33
1515 738 1643 782 cii-stus
1689 756 1850 800 quoque
1895 748 1937 790 in
1969 749 2254 796 Samothraces

126 817 254 857 eoque
280 810 496 844 contemtu
519 809 658 838 rerum
674 795 951 836 humanarum
970 823 981 845 ,
1006 806 1049 835 ut
1065 792 1165 836 Ale-
1216 793 1415 845 mysteriis
1461 796 1685 840 Casmillus
1710 829 1723 852 ,
1767 802 1871 845 unde
1913 805 2059 848 Tuscis
2089 808 2253 852 Camil-

124 857 279 902 xandro
306 854 423 898 simul
452 868 547 897 cum
585 851 694 894 orbis
738 862 938 894 terrarum
962 850 1163 893 domitore

124 913 306 958 exercitu
344 909 591 966 conspecto,
615 907 750 951 statim
777 906 945 950 honoris
971 906 1062 949 loco
1085 919 1163 950 ter-

121 985 209 1014 ram
231 969 396 1025 pedibus
423 967 578 1022 pulsare
611 965 838 1020 coeperint,
872 979 917 1007 ac
936 964 1161 1008 Macedoni

119 1042 206 1071 rem
233 1021 443 1077 insolitam
476 1023 696 1068 admiranti
724 1020 1160 1084 fignificarintyerbis,

117 1095 285 1128 tantum
320 1081 535 1139 quemvis,
566 1079 635 1124 etfi
655 1080 797 1123 omnia
823 1078 1050 1141 subegerit,
1073 1079 1159 1134 pos-

116 1141 239 1186 sidere
265 1173 277 1195 ,
321 1152 522 1196 quantum
553 1137 715 1193 pedibus
738 1136 942 1179 obtineret
967 1150 980 1188 3
1001 1147 1158 1199 ‘itaque

117 1198 392 1242 ambitionem
410 1195 532 1251 Regis
565 1207 681 1237 tanta
712 1193 842 1236 animi
870 1193 1157 1248 magnitudine

117 1255 284 1311 perculsi
324 1266 466 1308 praeter
496 1251 739 1308 opinionem
770 1249 976 1293 eluserunt
1005 1280 1014 1292 .
1066 1252 1153 1293 Ho-

115 1328 206 1355 rum
254 1312 353 1355 segia
396 1308 630 1367 penetravit
673 1307 720 1351 ad
765 1307 976 1361 AEthiopes
1002 1337 1014 1359 ‚
1056 1323 1156 1363 quos

119 1369 329 1412 coloniam
362 1369 435 1411 esse
460 1367 656 1410 Indorum
689 1362 811 1408 refert
832 1364 996 1415 Jarchas
1013 1365 1153 1418 Indus,

118 1425 162 1469 δε
196 1426 320 1469 Nilus
351 1424 579 1467 adolescens
609 1422 714 1475 apud
749 1421 1062 1467 Philostratum.

167 1483 242 1525 Sed
284 1481 476 1524 omnium
519 1479 748 1523 dochinam
800 1478 1046 1532 populorum
1078 1478 1146 1523 Sa-

115 1539 294 1582 cerdotes
326 1537 508 1593 AEgyptii
557 1535 627 1580 fibi
670 1535 934 1579 vindicabant
966 1567 979 1590 ‚
1011 1536 1148 1580 assere-

113 1595 292 1652 bantque
325 1596 480 1650 regioni
514 1594 771 1657 suaeQquam
805 1608 888 1636 non
922 1593 1045 1637 modo
1062 1609 1146 1636 ma-

1214 848 1274 892 lus
1310 866 1319 891 :
1372 866 1452 905 quo
1500 854 1669 897 nomine
1713 872 1735 898 a
1779 859 1918 914 priscis
1962 863 2252 912 Romanorum

1211 905 1522 961 appellabantur
1555 911 1733 956 ministri
1781 915 2074 963 sacerdotum.
2119 923 2244 968 Porro

1211 977 1353 1027 praeter
1384 963 1520 1009 literas
1551 968 1595 1012 &
1622 971 1951 1018 Grammaticam
1983 988 2102 1033 atque
2128 981 2240 1024 Rhe-

1209 1033 1383 1065 toricarn
1417 1036 1545 1067 artem
1564 1057 1576 1078 ,
1608 1028 1841 1081 protulit&
1859 1033 2089 1079 Mercurius
2107 1037 2246 1082 Astro-

1209 1080 1395 1123 nomiam
1425 1080 1468 1123 8(
1502 1082 1816 1141 Geometriam,
1849 1104 1972 1143 quarn
2009 1093 2128 1144 primi
2156 1111 2247 1138 cer-

1208 1147 1246 1180 te
1273 1168 1286 1189 ,
1330 1150 1450 1193 atque
1496 1154 1575 1193 prae
1616 1144 1758 1186 ceteris
1799 1148 2087 1202 excogitarunt
2122 1165 2245 1208 atque

1206 1193 1421 1258 coluerunt
1455 1196 1638 1252 AEgyptii
1671 1230 1683 1252 ‚
1730 1215 1893 1257 propter
1927 1205 2127 1250 summam
2160 1209 2245 1261 ejus

1205 1262 1303 1294 artis
1336 1255 1613 1298 necessitatem
1646 1255 1688 1299 in
1720 1257 1995 1304 discernendis
2026 1276 2146 1320 atque
2180 1283 2242 1310 re·

1205 1308 1415 1352 stituendis
1445 1326 1640 1366 agrorum
1659 1315 1821 1358 finibus
1855 1317 2122 1364 inundatione
2146 1324 2242 1369 Nili

1204 1366 1461 1410 conturbatis
1490 1399 1498 1410 .
1533 1371 1703 1413 Invenit
1735 1372 1841 1416 idem
1874 1375 1917 1417 ὅ(
1952 1375 2113 1430 literas,
2147 1395 2244 1435 quas

1203 1423 1551 1478 Hieroglyphicas
1601 1442 1751 1471 vocant
1785 1460 1798 1482 ,
1848 1430 1924 1474 sive
1960 1432 2197 1485 symbolicas
2229 1473 2241 1494 ,

1202 1481 1347 1535 quibus
1379 1497 1476 1543 curn
1520 1483 1702 1528 occultas
1735 1487 1868 1530 causas
1901 1489 1942 1531 ὃς
1974 1506 2144 1535 omnem
2179 1510 2241 1536 re-

1202 1552 1294 1581 rum
1329 1552 1521 1583 naturam
1553 1542 1816 1598 condidisset,
1846 1545 1890 1588 ἃ
1922 1545 1967 1588 in
2002 1551 2240 1603 monstrosag

1200 1595 1347 1657 figuras
1384 1612 1518 1641 rerum
1544 1598 1750 1644 elementa
1778 1604 2087 1659 commutasset,
2115 1608 2239 1662 AEgy-

111 1664 220 1696 trem
252 1652 295 1696 ὅ(
328 1653 532 1695 nutricem
565 1650 842 1693 universarum
862 1651 1014 1694 artium
1029 1662 1148 1707 atque
1203 1653 1298 1707 ptiae
1333 1654 1485 1707 peperit
1502 1656 1733 1710 Religionis
1768 1659 1967 1704 insaniam
1993 1692 2005 1714 ,
2039 1664 2240 1707 wadiam,

117 1709 408 1760 scientiarum3
443 1723 584 1751 verum
616 1706 896 1750 animantium
929 1709 1054 1751 etiarn
1087 1721 1148 1752 at-
1201 1725 1281 1765 que
1337 1711 1524 1767 ignaram
1557 1713 1775 1759 latentium
1823 1717 2117 1764 sententiarum
2152 1722 2238 1778 ple„

106 1782 183 1823 que
227 1766 345 1821 ipsius
390 1765 562 1809 humani
609 1765 768 1819 generis
820 1779 1031 1818 parentem
1077 1765 1172 1838 fibi}

106 1823 379 1893 persuaJerant
409 1855 422 1876 ‚
453 1823 504 1866 ob
537 1822 639 1871 aeris
673 1822 914 1875 temperiem
940 1854 952 1876 ,
984 1823 1027 1866 &
1060 1823 1144 1866 vim

107 1875 300 1929 caloris,
333 1894 455 1936 atque
489 1877 558 1922 soli
592 1878 909 1923 foecunditatem
942 1911 954 1932 ,
987 1880 1092 1935 quod
1125 1897 1170 1924 a.

108 1937 215 1981 Nilo
248 1935 552 1993 pinguefaPcum
586 1952 669 1979 non
702 1936 838 1992 fruges
868 1938 989 1980 modo
1007 1922 1171 1993 sponte}

112 1985 185 2037 suax
211 1992 362 2049 profert
394 1994 441 2036 ad
473 1993 717 2038 alimentum
753 1995 797 2039 ὅ(
832 1994 957 2037 vitam
984 2025 996 2047 ,
1032 1996 1090 2038 sed
1126 2011 1146 2038 e

109 2052 275 2107 proprio
310 2052 392 2094 sinu
425 2051 654 2094 animantia
688 2052 823 2095 fundit
848 2082 861 2106 ,
911 2066 998 2107 quae
1030 2052 1170 2122 nullo¹

109 2109 155 2152 de
199 2108 349 2152 semine
392 2122 480 2151 orta
526 2110 771 2163 putabantur
798 2141 809 2162 ,
855 2110 950 2164 quia
993 2125 1146 2166 magna

108 2166 205 2222 saepe
240 2166 418 2209 murium
453 2166 594 2222 copia,
627 2167 785 2221 pectore
819 2179 934 2210 tenus
955 2166 1146 2223 formata,

112 2224 253 2268 ceteris
288 2223 482 2266 membris
515 2224 650 2282 adbuq
678 2223 759 2266 solo
791 2223 1034 2269 haerentibus
1071 2257 1082 2279 ‚
1125 2233 1169 2292 e}

114 2279 200 2324 luto
232 2279 450 2324 coalescere
475 2281 741 2323 videbantur.
774 2280 1065 2337 Colligebant‚
1087 2296 1169 2327 et·l

111 2338 193 2380 iam
227 2337 262 2380 se
297 2337 450 2391 primos
483 2338 555 2380 esse
590 2337 829 2381 mortalium
856 2353 905 2382 ex
932 2355 1006 2392 eo,
1030 2330 1169 2398 quod}

110 2410 254 2438 eorum
287 2395 399 2451 regio
432 2408 536 2437 artes
568 2395 611 2438 δε
642 2411 700 2438 res
733 2396 778 2438 ad
813 2395 941 2439 uitam
974 2398 1145 2442 necessa-

114 2451 193 2494 rias
225 2451 355 2506 prima
387 2452 642 2507 praebuisset.
676 2454 886 2496 Sationem
921 2455 1034 2498 enirn
1057 2488 1068 2509 ,
1102 2457 1143 2499 &

113 2508 327 2551 vinearum
363 2511 664 2572 plantationem
689 2543 700 2564 ,
732 2511 775 2554 ὃς
808 2511 896 2556 vini
932 2512 1071 2565 usum,
1103 2513 1145 2557 &

111 2580 282 2608 omnem
313 2565 473 2610 cultum
507 2584 697 2622 agrorum
733 2600 744 2621 ,
792 2568 942 2612 ibidem
976 2571 1145 2614 inventa

106 2622 390 2679 gloriabantur
420 2625 469 2666 ab
504 2625 602 2667 Iside
624 2657 636 2678 ,
667 2627 822 2668 Graecis
849 2627 998 2670 Cerere
1017 2660 1028 2680 ,
1060 2644 1147 2685 quae

112 2679 367 2732 utilitatem,
399 2697 445 2723 ac
479 2681 755 2725 salubritatem
782 2683 995 2727 herbarum
1012 2687 1143 2729 osten-

112 2735 260 2788 derat,
304 2736 414 2785 cuius
447 2738 509 2780 vir
535 2770 547 2791 ,
589 2755 635 2781 ac
668 2739 792 2794 frater
826 2741 940 2785 simul
976 2742 1145 2797 Osiris,

112 2796 266 2838 Gra’cis
299 2794 505 2846 Bacchus,
537 2811 630 2838 cum
665 2798 824 2852 ingenti
859 2801 1036 2843 evercitu
1068 2815 1145 2843 ter-

111 2867 249 2894 rarum
294 2852 434 2894 orbem
463 2883 473 2902 ,
518 2852 566 2893 ad
608 2852 775 2898 ultimos
825 2856 942 2911 usque
979 2858 1100 2901 Indos
1133 2890 1144 2909 ‚

113 2923 234 2964 atque
269 2910 481 2958 ffit'hiopes
516 2924 749 2962 percurrens
776 2943 786 2962 ,
840 2928 979 2962 praeter
1011 2917 1146 2969 uxoris

112 2966 307 3017 inventa,
342 2966 604 3021 Religionem
638 2967 792 3019 etiam,
823 2969 866 3011 &
900 2971 1002 3015 sacra
1039 2976 1144 3016 Deo-

114 3039 237 3076 rum,
270 3037 389 3080 atque
424 3023 659 3067 morborum
696 3039 977 3080 curat1<)nem,
1009 3031 1145 3072 omni-

1198 1766 1289 1810 bem
1323 1772 1370 1811 ad
1401 1785 1543 1813 eorum
1576 1771 1736 1815 cultum
1766 1774 2039 1829 animalium,
2071 1794 2115 1821 ac
2138 1780 2221 1834 spe·

1167 1826 1352 1868 seierum
1387 1858 1399 1880 ‚
1430 1843 1604 1882 quorum
1641 1829 1778 1885 figurae
1815 1833 2072 1877 naturalium
2105 1838 2238 1879 causa-

1199 1897 1288 1925 rum
1333 1899 1482 1927 arcana
1525 1885 1768 1940 sapientibus
1816 1889 2077 1934 reserabant.
2119 1894 2235 1938 Hinc

1199 1939 1392 1993 sapientia
1422 1942 1706 1998 AEgyptiorum
1738 1946 1875 1989 omnis
1908 1947 1947 1990 in
1966 1949 2232 2003 Religionem

1205 1998 1314 2040 versa
1344 2011 1432 2045 erat
1464 2030 1477 2053 ,
1526 2015 1741 2056 rerumque
1786 2004 2034 2048 naturalium
2079 2007 2221 2060 cogni-

1198 2054 1256 2097 tio
1288 2087 1301 2107 ,
1346 2054 1460 2098 vafra
1503 2055 1545 2100 ὃς
1587 2058 1760 2112 ancipiti
1802 2075 1945 2104 eorum
1979 2062 2226 2120 Theologia

1197 2113 1511 2164 continebatur,
1543 2124 1665 2169 quam
1700 2116 1916 2161 sacerdotes
1949 2133 2027 2161 una
2052 2136 2146 2164 cum
2168 2121 2233 2164 sa-

1196 2170 1275 2211 cris
1306 2170 1348 2212 in
1381 2170 1635 2225 templorum
1659 2173 1786 2227 adytis
1806 2174 2081 2220 asservabant.
2109 2179 2229 2225 Mer·

1196 2227 1354 2270 curium
1389 2227 1498 2271 hunc
1530 2229 1651 2284 longe
1672 2231 2031 2287 antiquissimum,
2062 2234 2231 2290 quipri-

1197 2299 1287 2327 mus
1321 2298 1517 2343 vocatur,
1549 2288 1710 2341 excepit
1743 2289 1874 2332 multo
1908 2290 1990 2345 post
2019 2304 2223 2348 tempore,

1197 2357 1343 2398 nempe
1374 2343 1710 2399 quinquagesimo
1734 2346 1929 2391 adiscessu
1951 2348 2229 2395 Israelitarum

1196 2414 1332 2451 anno,
1366 2401 1596 2444 Mercurius
1631 2401 1846 2457 secundus,
1877 2405 1945 2461 qui
1980 2407 2124 2459 prioris
2155 2407 2222 2450 in-

1197 2462 1343 2510 venta,
1377 2458 1427 2499 ab
1460 2458 1493 2500 se
1527 2456 1646 2502 fusius
1678 2460 1880 2515 explicata
1911 2463 2132 2519 meliusque
2159 2465 2221 2507 di-

1198 2515 1329 2569 gesta,
1362 2514 1477 2557 simul
1511 2530 1605 2557 cum
1640 2516 1842 2562 sacrorum
1880 2518 2025 2563 ritibus
2047 2520 2226 2564 contulit

1198 2573 1238 2614 in
1285 2572 1487 2615 uberiores
1520 2571 1645 2616 libros
1669 2606 1681 2627 ,
1727 2591 1827 2631 quos
1859 2577 2089 2620 Sacerdotes
2122 2593 2229 2620 curae

1199 2629 1272 2670 suae
1303 2629 1469 2672 traditos
1502 2628 1626 2686 longo
1655 2632 1797 2676 ordine
1845 2650 1891 2676 ac
1933 2635 2100 2678 solemni
2136 2635 2221 2678 ritu

1200 2686 1460 2740 procedentes
1491 2687 1595 2730 festis
1627 2687 1764 2733 diebus
1795 2690 2162 2735 circumferebant.
2187 2694 2228 2734 Is

1196 2743 1324 2785 etiam
1356 2760 1511 2788 annum
1546 2747 1780 2790 emendavit
1830 2764 1898 2801 per
1929 2749 2011 2792 dies
2042 2751 2087 2791 ad
2120 2750 2227 2793 Solis

1196 2801 1356 2844 cursum
1385 2815 1644 2855 numeratos,
1677 2806 1856 2861 quinque
1879 2805 2126 2850 intercalatis
2141 2807 2227 2849 die-

1197 2860 1266 2901 bus
1293 2891 1305 2910 ,
1350 2875 1442 2902 cum
1488 2873 1582 2903 ante
1614 2861 1693 2911 jam
1728 2863 1909 2918 AEgyptii
1940 2863 2149 2906 duodecim
2182 2864 2228 2906 in

1198 2916 1351 2959 menses
1407 2932 1562 2959 annum
1614 2919 1842 2962 tribuilsent
1877 2952 1885 2962 .
1929 2920 2040 2963 Falso
2083 2932 2226 2964 autem

1196 2974 1292 3017 huic
1325 2973 1563 3016 adscribitur
1596 2974 1700 3018 liber
1732 2976 1799 3019 ille
1837 2978 1951 3020 sacris
1981 2993 2030 3021 ex
2066 2976 2222 3033 literis,

1194 3030 1237 3073 &
1290 3030 1470 3074 Platonis
1511 3031 1692 3074 <inanima
1725 3046 1937 3078 contextus
1964 3065 1976 3085 ,
2026 3049 2094 3089 per
2123 3034 2222 3077 Mo-

111 3080 183 3124 bus
212 3081 460 3140 mortalibus
494 3082 535 3123 in
567 3097 613 3125 ea
645 3082 903 3137 expeditione
937 3086 1142 3140 patefecit:
1165 3086 1173 3147 [
1198 3086 1377 3130 nachum
1409 3087 1566 3132 fortall'e
1600 3090 1778 3145 aliquem
1806 3091 1907 3136 ,otio
1939 3091 2064 3134 nimis
2093 3091 2221 3133 abun-

1165 3148 1174 3166 Ε

2123 3146 2219 3188 dan-
