2451 3470
211 110 283 177 56

833 110 1682 183 J.V.GRAV1NAE

190 195 234 225 ut
266 182 547 229 incremento?
578 183 718 242 gloriae
749 215 768 240 ‚>
803 201 927 242 quarn
973 185 1047 228 tibi
1081 185 1151 230 uni
1183 182 1416 260 de-lturv'}
1448 187 1587 234 ita'ut
1618 191 1683 234 vel
1716 184 1901 248 minores
1930 187 2194 240 coerceantur
2226 212 2247 242 a
2267 212 2357 242 ma-

190 241 282 294 bes,
315 243 570 298 amplissima
602 244 674 287 illa
704 256 949 287 ornamenta
989 243 1274 300 superaveris‚2
1299 245 1484 301 juribus,
1526 247 1590 291 vel
1621 264 1736 304 pares
1756 263 1914 293 vmutuo
1946 253 2196 298 collidantur

2228 288 2237 298 ·
2268 257 2356 309 (¹⁹)

189 313 278 354 quae
319 316 342 343 a
382 300 587 353 majorum
626 314 795 365 tuorum.
836 301 1042 356 splendore
1088 303 1248 356 profici-
1299 306 1437 358 Quam
1486 306 1726 350 animorum
1764 307 2115 361 confliRationem
2149 312 2302 368 rapinae
2334 345 2348 368 ‚

188 356 387 411 scuntur;
418 359 461 402 &
495 376 597 404 curn
636 359 889 402 sublimiores
927 359 1133 422 honorum
1158 376 1250 414 gra-⁴
1295 360 1426 420 jurgia
1464 396 1476 417 ,
1525 364 1591 407 δι’
1615 376 1768 408 mutuae
1816 363 1980 421 caedes‘,
2020 368 2063 412 δε
2094 369 2309 414 tumultus„
2331 401 2346 425 ‚

189 414 261 458 dus
305 417 580 469 adscendens,
616 416 776 460 nullam
807 417 937 461 adhuc
973 430 1154 461 meritis.
1176 434 1244 474 pa·
1294 420 1348 462 δε
1377 435 1530 465 rerum:
1575 420 1772 465 omnium
1819 423 2069 477 perturbatio
2127 427 2351 483 conseque-

188 488 278 516 rem
308 473 516 518 inveneris
548 474 824 531 dignitatem.

246 532 339 575 Nos
385 548 480 575 vero
525 532 862 575 contentionibus
895 530 976 574 illis,
1024 529 1246 588 excitati,

185 604 269 645 quo
323 590 644 633 demonstremus
670 622 681 641 ,
726 588 1083 643 jurisprutlentiam
1127 607 1150 634 a
1184 607 1246 634 re·

186 646 347 690 trufiori
380 648 608 691 eruditione
643 646 880 690 descendere
907 679 918 699 ‚
953 662 999 690 ac
1033 647 1151 692 fimul
1185 648 1244 691 fa-

185 719 290 762 cem,
311 705 495 768 aliquam
516 737 530 758 ,
562 716 765 760 quantum
798 704 841 747 in
874 704 990 749 nobis
1021 706 1077 748 est
1110 737 1145 770 ,ι
1175 706 1249 755 Ju-

182 762 242 805 ris
273 762 408 805 civilis
457 762 632 806 studiosis
681 760 939 817 praeferamus
979 794 991 816 ,
1023 761 1244 814 adjecimus

183 834 314 874 nuper
347 821 539 863 animum
570 820 620 862 ad
652 819 911 874 exponendas
955 819 1137 876 origines
1171 822 1240 872 Ju-

182 876 240 922 ris
273 877 441 921 civilis.
471 877 591 933 Qiod
624 877 650 920 si
686 876 791 920 mihi
827 877 1048 921 succeffet-it
1079 894 1128 921 ex
1158 878 1240 921 sen»

183 933 344 990 tentia,
381 935 498 993 facile
534 934 672 977 vicero
708 966 721 988 ,
752 934 1029 978 eruditionem
1066 951 1241 979 omnem

182 987 393 1037 sucurrere
437 991 482 1036 in
515 990 872 1047 jurisprudentiam
901 1024 913 1045 ‚
946 1009 992 1035 ac
1024 991 1084 1044 jus
1117 991 1241 1037 civile

186 1051 258 1094 vix
291 1052 342 1100 ab
374 1049 471 1094 ullis
504 1050 655 1095 melius
704 1050 807 1106 posse
857 1050 1025 1106 praestari
1060 1083 1076 1105 r
1116 1066 1243 1106 quarn

184 1109 236 1152 ab
269 1107 317 1152 iis
343 1141 355 1163 ‚
397 1108 469 1165 qui
517 1107 711 1163 exemplo
744 1108 993 1164 graviorum
1041 1107 1240 1162 interpre—

183 1178 277 1211 tum
311 1167 419 1223 leges
449 1182 471 1210 e
521 1166 597 1210 suis
640 1166 803 1210 hausere
848 1165 1070 1220 fontibus,
1116 1166 1242 1222 iisque

183 1225 320 1268 studiis
353 1225 467 1268 usum
500 1222 751 1280 incorrupta:
784 1223 1019 1267 Latinitatis
1041 1255 1055 1277 ,
1083 1223 1128 1266 δι
1149 1226 1240 1279 phi-

185 1281 455 1339 losophorum
486 1297 664 1326 acumen
702 1313 715 1335 ,
745 1298 791 1325 ac
826 1293 1012 1324 veterum
1045 1282 1240 1325 notitiam

185 1353 423 1396 temporum
466 1339 739 1391 adjunxerunt
776 1358 805 1381 .‘
841 1338 963 1394 Quod
1004 1354 1104 1394 opus
1145 1355 1240 1383 cum

181 1398 367 1455 plurium
399 1412 607 1441 annorum
640 1397 686 1439 fit
711 1428 726 1451 ,
765 1397 810 1440 δί
853 1397 1042 1441 immensi
1077 1397 1240 1446 {laboris

183 1471 234 1501 ac
266 1455 508 1509 industriae3
553 1452 709 1499 interea
752 1453 832 1498 Ioci
864 1471 944 1510 quo
988 1470 1236 1499 monumen—

185 1528 280 1559 tum
313 1513 479 1570 aliquod
510 1512 691 1569 obsequii
724 1512 767 1555 ὃ(
799 1512 931 1556 cultus
963 1527 1055 1568 erga
1087 1525 1125 1556 te
1163 1528 1235 1556 no-

185 1570 255 1618 stri
288 1572 507 1616 statuamus
534 1603 545 1626 ‚
577 1586 625 1614 ex
660 1570 821 1614 rudibus
852 1570 983 1614 adhuc
1015 1570 1097 1613 illis
1118 1602 1129 1624 ,
1163 1586 1238 1615 nec

184 1631 286 1674 dum
318 1629 479 1686 digestis
527 1627 840 1673 commentariis
867 1660 878 1682 ‚
923 1627 1127 1684 specimen
1161 1628 1238 1672 hoc

185 1687 500 1743 exceipfimuffi·
539 1687 588 1730 “in
619 1702 700 1742 quo
742 1685 920 1729 breviter
961 1685 1237 1741 exposuimus,

218 1758 277 1789 uae
307 1743 428 1789 fusius
459 1745 504 1788 in
536 1743 673 1800 primo
703 1744 752 1786 de
782 1744 1002 1800 originibus
1040 1743 1146 1787 libro
1177 1744 1235 1787 di-

185 1760 444 1858 sputabimus
476 1833 485 1843 .
533 1801 654 1857 Quod
685 1801 973 1845 munusculum
1007 1831 1020 1855 ,
1063 1814 1238 1857 quantu-

189 1860 445 1917 tumcunque
493 1858 593 1924 illud
625 1858 670 1922 sit
695 1889 708 1912 ‚
753 1875 824 1914 pro
865 1871 934 1902 tua
978 1858 1238 1903 humanitate

190 1933 280 1962 non
312 1929 477 1975 gravate
509 1932 714 1973 accipias²
745 1932 844 1974 rogo
871 1948 881 1959 .

247 1975 458 2031 Quoniam
503 1974 632 2031 igitur
675 1989 798 2018 nemo
845 1974 898 2017 est
946 1974 1087 2018 aufi'tor
1135 1974 1191 2018 sui
1225 2006 1236 2028 ,

185 2049 265 2078 nec
310 2033 443 2077 ullam
487 2032 614 2075 homo
658 2031 725 2075 fibi
771 2031 948 2076 tribuere
999 2030 1235 2076 facultatem

186 2091 317 2147 potest
350 2123 363 2145 ‚
408 2089 467 2134 sed
501 2102 664 2132 tantum
715 2089 830 2132 edere
872 2101 993 2146 atque
1037 2090 1236 2144 versare,

186 2149 295 2204 quod
351 2149 393 2191 in
437 2147 599 2191 tributis
641 2145 904 2190 facultatibus
953 2147 1167 2191 conditum
1217 2163 1237 2190 a

185 2206 283 2249 Deo
315 2205 427 2257 fuit,
470 2222 492 2248 a
523 2221 607 2260 quo
638 2203 903 2260 proficiscitur
932 2217 1237 2260 quantumcun-

223 2278 271 2307 ue
327 2261 614 2316 praeferimus3
663 2261 753 2305 ideo
799 2274 999 2318 quatenus
1050 2261 1239 2319 cujusque

191 2278 368 2364 iacultas
398 2321 581 2364 excurrit
613 2351 626 2373 ,
667 2331 832 2363 eatenus
876 2319 1114 2376 cupiditatis
1155 2320 1239 2371 jura

192 2378 463 2433 porriguntur
496 2394 506 2419 t
554 2376 747 2433 siquidem
790 2388 932 2421 natura
965 2393 1089 2421 nemo
1122 2377 1237 2422 alteri

188 2435 275 2488 jure
324 2435 495 2492 propriae
541 2433 747 2478 facultatis
789 2435 1022 2479 exercendae
1077 2435 1238 2490 praecel-

190 2494 242 2537 lit
267 2524 278 2534 .
312 2495 372 2536 At
403 2492 498 2549 quia
528 2491 698 2548 dispares
741 2492 961 2536 hominum
994 2492 1085 2535 sunt
1117 2494 1161 2536 ὅ(
1192 2494 1237 2536 fi-

188 2551 287 2595 nitae
318 2549 530 2595 facultates
551 2581 563 2602 ‚
597 2548 758 2591 infinita
793 2566 888 2593 vero
920 2550 1118 2606 cupiditas
1162 2550 1239 2593 sin-

190 2608 431 2665 gulorum3
475 2607 563 2651 ideo
595 2637 607 2660 ‚
655 2607 990 2651 concurrentibus
1039 2607 1238 2662 cupidita-

193 2663 301 2711 tibus
331 2663 525 2710 omnium
550 2695 573 2722 ,ξ
606 2663 723 2709 simul
758 2663 972 2709 facultates
1015 2664 1234 2721 impellun-

188 2797 883 2813 ———n=———-———-.
892 2799 1000 2812 ι...-
1009 2802 1126 2814 *-

239 2840 257 2877 ζ
278 2838 295 2857 θ
312 2836 331 2875 )
355 2835 524 2869 Sistuntur
563 2834 619 2867 hic
646 2834 757 2877 primo
797 2835 872 2867 loco
898 2833 1067 2868 sententiae
1095 2833 1238 2877 spinosae

195 2882 227 2914 ἃ
263 2881 418 2914 Hobbefii
445 2901 455 2918 ‚
481 2880 684 2913 commentis
713 2879 868 2914 Gravinre
908 2878 1091 2913 incrustatae
1118 2902 1126 2910 .
1156 2882 1238 2922 Quae

195 2926 274 2960 dein
306 2927 485 2968 sequuntur
516 2925 641 2968 paginae
669 2924 796 2967 aliquot
809 2923 850 2958 ad
866 2925 1002 2958 verbum
1029 2922 1097 2958 fere
1121 2924 1240 2958 descri-

193 2980 259 3013 ptae
286 2970 361 3004 sunt
397 2982 437 3003 ex
452 2969 533 3004 libri
562 2972 616 3002 II.
647 2981 672 3002 c.
697 2981 746 3010 17.
768 2972 816 3002 18.
836 2969 1013 3009 21.(5⁴23.
1040 2970 1099 3004 nisi
1127 2971 1238 3012 potius

192 3018 262 3050 haec
290 3016 401 3059 capita
429 3025 473 3048 ex
505 3014 567 3048 hoc
601 3014 756 3055 opusculo
785 3023 953 3047 mutuatus
978 3015 1023 3047 est
1065 3016 1184 3048 Noster
1228 3028 1234 3048 ι

189 3061 277 3104 quod
294 3060 502 3094 verisimilius
518 3071 535 3096 2·
555 3060 629 3102 quia
663 3059 854 3101 opuscul-um
877 3059 967 3101 prius
996 3059 1124 3093 editum
1141 3082 1148 3090 .
1172 3065 1236 3094 Re-

193 3109 283 3150 {iqua
309 3106 414 3139 totius
441 3105 584 3148 opusculi
614 3105 707 3148 usque
738 3105 777 3137 ad
804 3105 903 3137 finem
927 3104 1101 3145 emsdem,
1127 3105 1234 3147 epito-

191 3162 271 3186 rnen
296 3152 408 3185 sistunt
434 3151 664 3184 commentarii
691 3149 730 3182 ad
760 3152 848 3183 ΧΠ.
881 3150 1009 3183 tabulas
1035 3170 1044 3188 ‚
1088 3152 1146 3193 qui
1179 3161 1234 3183 eo-

188 3197 263 3231 dem
291 3197 377 3231 libro
409 3196 548 3230 secundo
577 3196 792 3229 continentur
810 3217 820 3234 ‚
849 3196 878 3227 8<
904 3206 1001 3239 quem
1030 3196 1127 3237 supra
1155 3195 1231 3229 illu-

190 3242 362 3277 stravimus
389 3267 396 3275 .
425 3242 583 3286 Fpitomc
610 3241 677 3286 ipsa
692 3240 773 3285 saepe
801 3241 900 3276 verba
923 3240 1163 3279 commentarii
1193 3241 1235 3276 ss.

1296 490 1407 521 retur
1429 509 1441 531 ‚
1477 478 1553 522 nisi
1580 480 1856 534 cupiditatum
1880 481 2083 536 impeturn
2106 484 2213 528 ratio
2233 499 2351 529 com·-

1295 534 1497 589 primeret
1549 537 1658 579 retsto
1693 537 1759 580 usu
1795 537 1999 581 libertatis
2026 571 2038 593 ‚
2081 556 2169 595 quae
2202 556 2349 597 regen-

1292 592 1352 635 dis
1397 594 1488 635 data
1531 594 1586 636 est
1631 594 1916 651 flef’tendisque
1970 596 2150 641 motibus
2181 599 2348 642 animo·

1294 665 1385 714 rum
1404 682 1416 704 ‚
1449 650 1576 706 eaq'ue
1611 653 1769 695 ratione
1797 654 1926 709 magis
1953 653 2204 708 exprimitur
2221 671 2347 712 quam

1292 708 1554 763 cupiditate:
1602 709 1708 754 ratio
1750 710 1865 753 enim
1910 711 2124 766 expeditur
2155 711 2343 769 cujusque

1293 778 1446 808 naturae
1478 765 1720 821 potestate,
1763 766 1966 821 cupiditas
2012 769 2129 813 rebus
2161 770 2343 814 externis

1294 822 1361 866 vet
1389 836 1601 866 coercetur
1629 855 1642 877 ‚
1694 824 1758 867 vel
1792 824 2025 879 impellitur
2053 858 2072 878 ,
2112 827 2176 870 vel
2211 829 2344 884 agita-

1291 893 1356 923 tur
1381 895 1395 933 ;
1426 894 1472 923 ut
1502 897 1583 937 quo
1616 882 1823 936 cupiditas
1851 882 1974 927 latius
2005 883 2258 938 effunditur,
2291 901 2343 929 eo

1292 937 1455 982 libertas
1487 938 1633 981 arctius
1666 939 1976 993 contrahatur3
2020 942 2111 985 ideo
2142 942 2347 997 cupidita-

1290 1007 1375 1039 tem
1399 1027 1412 1050 ,
1448 996 1560 1051 supra
1591 1011 1716 1052 quam
1751 996 1829 1040 fert
1863 1009 2019 1041 naturae
2049 998 2248 1053 facultas,
2280 1012 2346 1043 at-

1290 1052 1487 1096 tollentes
1522 1054 1572 1096 ab
1615 1054 1697 1106 ipsa
1740 1065 1887 1097 natura
1925 1086 1941 1108 5
1975 1057 2106 1111 ‘quam
2157 1055 2345 1103 maxime

1288 1127 1490 1154 conamur
1520 1126 1664 1166 augere
1690 1143 1702 1164 ,
1735 1111 1991 1155 desciscimus
2014 1129 2024 1154 t
2059 1114 2263 1168 quoniam
2290 1122 2340 1159 ea

1288 1167 1606 1223 complefflmur
1637 1169 1781 1212 animo
1803 1200 1815 1222 ‚
1850 1184 1939 1225 quae
1970 1169 2085 1214 rebus
2111 1171 2248 1225 potius
2267 1187 2343 1216 ex·

1289 1227 1416 1269 ternis
1456 1242 1581 1282 quam
1625 1240 1780 1269 naturae
1811 1225 2074 1271 facultatibus
2104 1229 2343 1283 gubernan-

1290 1296 1356 1327 tur
1387 1317 1399 1338 ‚
1430 1283 1474 1326 ἃ
1505 1284 1555 1326 ab
1586 1283 1730 1328 alienis-
1765 1285 1955 1339 occupati
1982 1316 1991 1325 .
2035 1301 2177 1329 curam
2213 1285 2341 1330 nostri

1287 1342 1556 1385 externarum
1600 1341 1813 1385 causarum
1857 1342 2052 1397 potentiae
2095 1342 2294 1387 tradimus
2326 1373 2341 1396 ‚

1288 1399 1508 1454 iisdemque
1542 1399 1658 1442 rebus
1689 1399 1860 1442 obnoxii
1899 1430 1919 1453 ,ν
1954 1415 2055 1456 quas
2101 1415 2298 1456 urgemus
2330 1429 2347 1454 ‚

1286 1457 1385 1500 dum
1419 1457 1469 1499 ad
1500 1455 1699 1509 majorem
1735 1456 1973 1512 potestatem
2005 1459 2296 1503 contendimus
2319 1489 2336 1513 ‚

1287 1515 1540 1558 miseriorem
1600 1515 1851 1558 incurrimus
1905 1513 2144 1559 servitutem
2176 1548 2186 1559 .
2239 1518 2338 1572 Qio

1287 1571 1416 1628 igitur
1449 1572 1483 1615 se
1514 1570 1681 1628 quisque
1715 1571 1786 1615 sibi
1818 1571 2000 1616 vindicet
2027 1604 2039 1626 ‚
2073 1584 2228 1617 naturae
2262 1588 2340 1628 po-

1287 1630 1419 1673 testati
1461 1629 1659 1682 cupiditas
1702 1629 1759 1673 est
1798 1629 2046 1685 exaequenda
2088 1630 2133 1674 δι
2162 1631 2351 1687 compo·-¹

1288 1688 1419 1730 nenda
1454 1686 1613 1730 ratione
1639 1718 1652 1741 ,
1695 1702 1784 1743 quae
1815 1686 1924 1730 nihil
1957 1686 2070 1731 aliud
2093 1687 2174 1742 est,
2208 1702 2337 1744 quam

1287 1745 1458 1800 propriae
1499 1756 1653 1788 naturoe
1697 1743 1891 1800 potestate
1921 1744 2231 1800 circumscripta
2264 1761 2343 1789 vo.

1288 1802 1422 1846 luntas
1454 1834 1466 1856 ,
1515 1817 1639 1857 quam
1683 1801 1747 1845 vel
1793 1801 2016 1846 honestatis
2058 1801 2232 1846 initium
2262 1818 2349 1858 ap·

1289 1860 1487 1916 pellemus
1518 1860 1614 1903 licet
1638 1890 1651 1913 ,
1694 1858 1761 1903 vel
1805 1858 1935 1915 ipsam
1975 1859 2114 1916 potius
2145 1858 2353 1904 honesta-⁴-

1288 1931 1369 1961 tem
1392 1951 1400 1960 .
2044 1963 2046 1966 ,

1345 1976 1489 2019 Virtus
1520 1975 1636 2019 enim
1663 2006 1676 2029 ‚
1719 1989 1807 2031 quae
1840 1974 1965 2018 nullis
1998 1974 2115 2019 rebus
2144 1987 2262 2019 extra
2295 1974 2332 2020 fe

1287 2032 1422 2089 positis
1464 2033 1664 2087 ducitur,
1718 2033 1779 2076 sed
1825 2034 1996 2088 propriae
2041 2044 2196 2076 naturae
2227 2032 2332 2076 viri-

1288 2092 1359 2134 bus
1390 2091 1619 2147 explicatur
1643 2122 1655 2144 ‚
1700 2091 1908 2134 summum
1951 2091 2005 2134 est
2049 2090 2251 2134 libertatis
2283 2090 2329 2133 &

1287 2149 1505 2192 honestatis
1536 2164 1673 2204 opus3
1718 2148 1806 2192 ideo
1849 2148 2006 2203 sapiens
2033 2180 2044 2201 ,
2091 2147 2160 2204 qui
2205 2162 2334 2191 omne

1288 2208 1443 2250 bonum
1489 2207 1531 2250 in
1575 2206 1728 2250 virtute
1770 2206 1923 2262 ponit,
1957 2206 2162 2249 summam
2189 2238 2201 2260 ‚
2249 2214 2356 2261 quae·

1285 2264 1451 2320 quidem
1484 2264 1649 2307 homini
1681 2264 1884 2308 convenit
1915 2296 1926 2318 ,
1958 2263 2179 2320 assequitur
2211 2262 2348 2305 liber-'

1287 2333 1416 2366 tatem
1440 2353 1450 2365 .
1495 2321 1779 2377 Quamobrem
1825 2320 2024 2376 sapientes
2049 2352 2062 2375 ,
2106 2320 2176 2376 qui
2212 2319 2354 2374 potis--

1289 2379 1436 2423 fimum
1496 2379 1705 2423 rationem
1755 2379 1987 2422 habuerunt
2040 2376 2277 2433 expeditam
2323 2398 2355 2431 ‚⁴

1289 2438 1355 2480 suo
1422 2437 1491 2480 fibi
1556 2436 1728 2482 consilio
1799 2435 1996 2492 regendos
2062 2435 2324 2491 susceperunt

1287 2510 1388 2547 eos,
1432 2495 1502 2550 qui
1544 2494 1736 2538 animum
1780 2491 2086 2550 quodammodo
2130 2491 2173 2535 in
2218 2504 2333 2547 pote-

1288 2552 1384 2596 state
1426 2567 1512 2596 non
1557 2564 1701 2596 tenent
1732 2582 1745 2604 ,
1794 2550 1944 2607 quique
2001 2549 2132 2605 magis
2174 2549 2332 2594 aliena-

1290 2625 1382 2653 tum
1439 2625 1604 2665 opum,
1654 2624 1779 2664 quam
1829 2607 2006 2663 propriae
2049 2606 2338 2662 tranquillita-

1289 2668 1340 2711 tis
1371 2666 1564 2711 desiderio
1595 2666 1811 2723 rapiuntur
1840 2696 1853 2719 ,
1900 2665 1944 2708 &
1988 2681 2010 2708 a
2042 2664 2338 2766 cupiditatibigssc

1959 2796 2342 2812 -——d,—-—

1291 2799 1624 2812 ——-——-

1287 2836 1342 2869 stit
1369 2858 1378 2867 .
1405 2835 1590 2869 Discrimen
1630 2835 1666 2868 in
1705 2835 1774 2868 solo
1799 2834 1914 2869 ordine
1943 2834 2153 2869 tractationis
2177 2855 2190 2872 ‚
2227 2843 2328 2875 quem

1287 2880 1541 2914 hicsecundum
1567 2881 1697 2914 tabulas
1724 2890 1890 2924 praeeunte
1917 2878 2127 2916 Gothofredo
2145 2878 2289 2920 sequitur
2314 2899 2329 2917 ‚

1287 2937 1362 2959 cum
1389 2926 1424 2959 in
1465 2926 1523 2959 lib.
1541 2930 1569 2958 Ι.
1611 2926 1651 2959 ad
1689 2926 1881 2969 exemplum
1924 2923 2130 2959 Hotomanni
2170 2923 2325 2956 ordinem

1286 2971 1499 3004 materiarum
1526 2971 1662 3005 sei'tetur
1679 2994 1690 3010 ‚
1719 2971 1778 3005 nisi
1802 2971 1890 3016 quod
1916 2971 1950 3004 in
1975 2971 2039 3003 fine
2066 2968 2212 3012 opusculi
2236 2967 2333 3001 usur-

1285 3016 1453 3059 pationem
1479 3016 1605 3050 astibus
1620 3016 1780 3061 legitimis
1805 3024 2026 3054 annumerat,
2042 3024 2141 3057 quam
2167 3013 2203 3046 in
2229 3023 2325 3045 com-

1284 3062 1449 3095 mentario
1472 3062 1512 3094 ad
1538 3066 1619 3097 XII.
1646 3063 1776 3096 tabulas
1800 3061 2035 3104 praetermifit,
2063 3061 2094 3092 δε
2118 3057 2205 3102 quod
2229 3057 2344 3100 paul--

1284 3107 1316 3139 lo
1340 3114 1417 3140 ante
1443 3131 1454 3147 ,
1483 3108 1716 3141 venditionem
1741 3106 1878 3139 familiae
1903 3107 1989 3142 inter
2025 3105 2116 3138 astus
2151 3102 2322 3146 legitimos

1283 3151 1454 3195 sigillatim
1481 3153 1623 3186 recenset
1653 3177 1663 3191 ‚
1703 3164 1779 3185 cum
1804 3163 1876 3184 earn
1905 3151 2026 3185 rectius
2049 3149 2145 3193 supra
2171 3146 2321 3193 generali

1282 3198 1547 3242 mancipationis
1574 3199 1742 3233 vocabulo
1768 3197 1964 3241 complexus
1989 3195 2029 3229 fit
2045 3215 2056 3228 .
