<?xml version="1.0" encoding="UTF-8"?>
<!DOCTYPE html PUBLIC "-//W3C//DTD XHTML 1.0 Transitional//EN"
    "http://www.w3.org/TR/xhtml1/DTD/xhtml1-transitional.dtd">
<html xmlns="http://www.w3.org/1999/xhtml" xml:lang="en" lang="en">
 <head>
  <title>
</title>
<meta http-equiv="Content-Type" content="text/html;charset=utf-8" />
  <meta name='ocr-system' content='tesseract 3.04.00' />
  <meta name='ocr-capabilities' content='ocr_page ocr_carea ocr_par ocr_line ocrx_word'/>
</head>
<body>
  <div class='ocr_page' id='page_1' title='image "./janivincentiigra02gravuoft_0120.png"; bbox 0 0 2451 3470; ppageno 0'>
   <div class='ocr_carea' id='block_1_1' title="bbox 154 118 1251 3126">
    <p class='ocr_par' dir='ltr' id='par_1_1' title="bbox 154 118 1251 3126">
     <span class='ocr_line' id='line_1_1' title="bbox 154 118 1014 194; baseline -0.012 -15"><span class='ocrx_word' id='word_1_1' title='bbox 154 129 274 194; x_wconf 57' lang='lat'>514</span> <span class='ocrx_word' id='word_1_2' title='bbox 648 121 693 194; x_wconf 86' lang='lat' dir='ltr'>J.</span> <span class='ocrx_word' id='word_1_3' title='bbox 794 118 863 171; x_wconf 86' lang='lat' dir='ltr'>V.</span> <span class='ocrx_word' id='word_1_4' title='bbox 1009 180 1014 185; x_wconf 19' lang='lat'>⁵</span> 
     </span>
     <span class='ocr_line' id='line_1_2' title="bbox 164 190 1220 251; baseline -0.01 -8"><span class='ocrx_word' id='word_1_5' title='bbox 164 200 274 243; x_wconf 83' lang='lat' dir='ltr'>suam</span> <span class='ocrx_word' id='word_1_6' title='bbox 317 194 498 241; x_wconf 82' lang='lat' dir='ltr'>excutiat</span> <span class='ocrx_word' id='word_1_7' title='bbox 525 226 538 250; x_wconf 89' lang='lat'>‚</span> <span class='ocrx_word' id='word_1_8' title='bbox 577 209 809 251; x_wconf 82' lang='lat' dir='ltr'>numquam</span> <span class='ocrx_word' id='word_1_9' title='bbox 842 207 972 248; x_wconf 84' lang='lat' dir='ltr'>neque</span> <span class='ocrx_word' id='word_1_10' title='bbox 1007 190 1181 234; x_wconf 79' lang='lat' dir='ltr'>fortuito</span> <span class='ocrx_word' id='word_1_11' title='bbox 1207 219 1220 242; x_wconf 83' lang='lat'>,</span> 
     </span>
     <span class='ocr_line' id='line_1_3' title="bbox 164 247 1219 312; baseline -0.009 -12"><span class='ocrx_word' id='word_1_12' title='bbox 164 255 346 312; x_wconf 84' lang='lat' dir='ltr'>legatum</span> <span class='ocrx_word' id='word_1_13' title='bbox 397 252 696 298; x_wconf 81' lang='lat' dir='ltr'>delibationem</span> <span class='ocrx_word' id='word_1_14' title='bbox 744 249 986 299; x_wconf 81' lang='lat' dir='ltr'>hereditatis</span> <span class='ocrx_word' id='word_1_15' title='bbox 1036 247 1219 311; x_wconf 81' lang='lat' dir='ltr'>appella-</span> 
     </span>
     <span class='ocr_line' id='line_1_4' title="bbox 164 306 1221 359; baseline -0.009 -3"><span class='ocrx_word' id='word_1_16' title='bbox 164 315 274 357; x_wconf 86' lang='lat' dir='ltr'>verit</span> <span class='ocrx_word' id='word_1_17' title='bbox 295 344 305 353; x_wconf 92' lang='lat'><strong>.</strong></span> <span class='ocrx_word' id='word_1_18' title='bbox 337 313 500 356; x_wconf 82' lang='lat' dir='ltr'>Contra</span> <span class='ocrx_word' id='word_1_19' title='bbox 533 325 629 354; x_wconf 84' lang='lat' dir='ltr'>vero</span> <span class='ocrx_word' id='word_1_20' title='bbox 662 311 729 354; x_wconf 87' lang='lat' dir='ltr'>ubi</span> <span class='ocrx_word' id='word_1_21' title='bbox 762 306 1221 359; x_wconf 52' lang='lat' dir='ltr'>didiceritsheredita-</span> 
     </span>
     <span class='ocr_line' id='line_1_5' title="bbox 171 362 1224 423; baseline -0.009 -9"><span class='ocrx_word' id='word_1_22' title='bbox 171 382 257 414; x_wconf 87' lang='lat' dir='ltr'>tem</span> <span class='ocrx_word' id='word_1_23' title='bbox 287 370 362 416; x_wconf 80' lang='lat' dir='ltr'>effe</span> <span class='ocrx_word' id='word_1_24' title='bbox 383 370 497 423; x_wconf 88' lang='lat' dir='ltr'>jusin</span> <span class='ocrx_word' id='word_1_25' title='bbox 513 368 742 412; x_wconf 87' lang='lat' dir='ltr'>universam</span> <span class='ocrx_word' id='word_1_26' title='bbox 760 364 1045 410; x_wconf 78' lang='lat' dir='ltr'>successionem</span> <span class='ocrx_word' id='word_1_27' title='bbox 1070 379 1082 416; x_wconf 82' lang='lat'><em>3</em></span> <span class='ocrx_word' id='word_1_28' title='bbox 1115 362 1224 418; x_wconf 86' lang='lat' dir='ltr'>lega-</span> 
     </span>
     <span class='ocr_line' id='line_1_6' title="bbox 171 420 1222 482; baseline -0.009 -11"><span class='ocrx_word' id='word_1_29' title='bbox 171 439 265 474; x_wconf 81' lang='lat' dir='ltr'>tum</span> <span class='ocrx_word' id='word_1_30' title='bbox 308 442 406 472; x_wconf 85' lang='lat' dir='ltr'>vero</span> <span class='ocrx_word' id='word_1_31' title='bbox 451 425 700 482; x_wconf 81' lang='lat' dir='ltr'>particulam</span> <span class='ocrx_word' id='word_1_32' title='bbox 731 439 782 467; x_wconf 83' lang='lat' dir='ltr'>ex</span> <span class='ocrx_word' id='word_1_33' title='bbox 815 421 936 465; x_wconf 88' lang='lat' dir='ltr'>bonis</span> <span class='ocrx_word' id='word_1_34' title='bbox 967 420 1222 464; x_wconf 69' lang='lat' dir='ltr'>‘hereditariis</span> 
     </span>
     <span class='ocr_line' id='line_1_7' title="bbox 174 477 1223 539; baseline -0.011 -8"><span class='ocrx_word' id='word_1_35' title='bbox 174 488 416 532; x_wconf 84' lang='lat' dir='ltr'>testamento</span> <span class='ocrx_word' id='word_1_36' title='bbox 446 482 738 539; x_wconf 68' lang='lat' dir='ltr'>detrahendam</span> <span class='ocrx_word' id='word_1_37' title='bbox 769 509 782 533; x_wconf 88' lang='lat'>,</span> <span class='ocrx_word' id='word_1_38' title='bbox 825 478 895 522; x_wconf 81' lang='lat' dir='ltr'>etsi</span> <span class='ocrx_word' id='word_1_39' title='bbox 929 477 1093 521; x_wconf 89' lang='lat' dir='ltr'>nullam</span> <span class='ocrx_word' id='word_1_40' title='bbox 1125 477 1223 520; x_wconf 85' lang='lat' dir='ltr'>defi-</span> 
     </span>
     <span class='ocr_line' id='line_1_8' title="bbox 176 534 1222 596; baseline -0.011 -8"><span class='ocrx_word' id='word_1_41' title='bbox 176 543 319 588; x_wconf 87' lang='lat' dir='ltr'>niendi</span> <span class='ocrx_word' id='word_1_42' title='bbox 352 553 488 587; x_wconf 86' lang='lat' dir='ltr'>teneat</span> <span class='ocrx_word' id='word_1_43' title='bbox 521 539 705 596; x_wconf 85' lang='lat' dir='ltr'>regulam</span> <span class='ocrx_word' id='word_1_44' title='bbox 731 569 743 592; x_wconf 92' lang='lat'>,</span> <span class='ocrx_word' id='word_1_45' title='bbox 778 548 917 579; x_wconf 88' lang='lat' dir='ltr'>tamen</span> <span class='ocrx_word' id='word_1_46' title='bbox 951 548 1038 579; x_wconf 90' lang='lat' dir='ltr'>tam</span> <span class='ocrx_word' id='word_1_47' title='bbox 1071 534 1222 590; x_wconf 89' lang='lat' dir='ltr'>perspi-</span> 
     </span>
     <span class='ocr_line' id='line_1_9' title="bbox 172 591 1223 657; baseline -0.01 -10"><span class='ocrx_word' id='word_1_48' title='bbox 172 618 247 647; x_wconf 89' lang='lat' dir='ltr'>cue</span> <span class='ocrx_word' id='word_1_49' title='bbox 294 600 421 657; x_wconf 85' lang='lat' dir='ltr'>legati</span> <span class='ocrx_word' id='word_1_50' title='bbox 467 611 656 641; x_wconf 86' lang='lat' dir='ltr'>naturam</span> <span class='ocrx_word' id='word_1_51' title='bbox 689 595 806 638; x_wconf 84' lang='lat' dir='ltr'>nobis</span> <span class='ocrx_word' id='word_1_52' title='bbox 836 591 1022 648; x_wconf 80' lang='lat' dir='ltr'>expediet</span> <span class='ocrx_word' id='word_1_53' title='bbox 1055 623 1067 646; x_wconf 78' lang='lat'>,</span> <span class='ocrx_word' id='word_1_54' title='bbox 1097 607 1223 649; x_wconf 86' lang='lat' dir='ltr'>quarn</span> 
     </span>
     <span class='ocr_line' id='line_1_10' title="bbox 177 649 1226 710; baseline -0.01 -6"><span class='ocrx_word' id='word_1_55' title='bbox 177 659 346 704; x_wconf 62' lang='lat' dir='ltr'>struistor</span> <span class='ocrx_word' id='word_1_56' title='bbox 375 655 577 700; x_wconf 87' lang='lat' dir='ltr'>murarius</span> <span class='ocrx_word' id='word_1_57' title='bbox 611 651 802 710; x_wconf 86' lang='lat' dir='ltr'>parietis,</span> <span class='ocrx_word' id='word_1_58' title='bbox 835 662 905 694; x_wconf 90' lang='lat' dir='ltr'>aut</span> <span class='ocrx_word' id='word_1_59' title='bbox 938 649 1051 694; x_wconf 88' lang='lat' dir='ltr'>faber</span> <span class='ocrx_word' id='word_1_60' title='bbox 1086 650 1226 707; x_wconf 80' lang='lat' dir='ltr'>ligna-</span> 
     </span>
     <span class='ocr_line' id='line_1_11' title="bbox 176 707 1224 765; baseline -0.011 -3"><span class='ocrx_word' id='word_1_61' title='bbox 176 717 263 762; x_wconf 84' lang='lat' dir='ltr'>rius</span> <span class='ocrx_word' id='word_1_62' title='bbox 296 714 464 759; x_wconf 83' lang='lat' dir='ltr'>mensae:</span> <span class='ocrx_word' id='word_1_63' title='bbox 498 712 558 755; x_wconf 83' lang='lat' dir='ltr'>ita</span> <span class='ocrx_word' id='word_1_64' title='bbox 589 724 632 755; x_wconf 93' lang='lat' dir='ltr'>ut</span> <span class='ocrx_word' id='word_1_65' title='bbox 665 711 708 754; x_wconf 91' lang='lat' dir='ltr'>in</span> <span class='ocrx_word' id='word_1_66' title='bbox 743 709 810 752; x_wconf 88' lang='lat' dir='ltr'>suo</span> <span class='ocrx_word' id='word_1_67' title='bbox 828 708 997 765; x_wconf 89' lang='lat' dir='ltr'>quisque</span> <span class='ocrx_word' id='word_1_68' title='bbox 1014 707 1224 760; x_wconf 86' lang='lat' dir='ltr'>artificio,</span> 
     </span>
     <span class='ocr_line' id='line_1_12' title="bbox 179 765 1227 824; baseline -0.01 -6"><span class='ocrx_word' id='word_1_69' title='bbox 179 773 424 822; x_wconf 64' lang='lat' dir='ltr'>Diakffices</span> <span class='ocrx_word' id='word_1_70' title='bbox 455 769 631 814; x_wconf 87' lang='lat' dir='ltr'>omnino</span> <span class='ocrx_word' id='word_1_71' title='bbox 663 781 831 824; x_wconf 85' lang='lat' dir='ltr'>expers,</span> <span class='ocrx_word' id='word_1_72' title='bbox 864 778 1003 809; x_wconf 87' lang='lat' dir='ltr'>tamen</span> <span class='ocrx_word' id='word_1_73' title='bbox 1036 766 1125 821; x_wconf 87' lang='lat' dir='ltr'>plus</span> <span class='ocrx_word' id='word_1_74' title='bbox 1156 765 1227 808; x_wconf 84' lang='lat' dir='ltr'>de-</span> 
     </span>
     <span class='ocr_line' id='line_1_13' title="bbox 163 823 1224 884; baseline -0.007 -12"><span class='ocrx_word' id='word_1_75' title='bbox 163 832 361 876; x_wconf 59' lang='lat' dir='ltr'>finiendo</span> <span class='ocrx_word' id='word_1_76' title='bbox 392 828 543 884; x_wconf 88' lang='lat' dir='ltr'>polleat</span> <span class='ocrx_word' id='word_1_77' title='bbox 568 859 580 881; x_wconf 94' lang='lat'>,</span> <span class='ocrx_word' id='word_1_78' title='bbox 612 842 737 884; x_wconf 72' lang='lat' dir='ltr'>quam</span> <span class='ocrx_word' id='word_1_79' title='bbox 771 824 1020 877; x_wconf 86' lang='lat' dir='ltr'>Porphyrius</span> <span class='ocrx_word' id='word_1_80' title='bbox 1045 823 1191 879; x_wconf 87' lang='lat' dir='ltr'>aliquis</span> <span class='ocrx_word' id='word_1_81' title='bbox 1212 853 1224 876; x_wconf 90' lang='lat'>‚</span> 
     </span>
     <span class='ocr_line' id='line_1_14' title="bbox 178 879 1225 942; baseline -0.01 -10"><span class='ocrx_word' id='word_1_82' title='bbox 178 901 248 932; x_wconf 88' lang='lat' dir='ltr'>aut</span> <span class='ocrx_word' id='word_1_83' title='bbox 291 885 526 942; x_wconf 83' lang='lat' dir='ltr'>Simplicius</span> <span class='ocrx_word' id='word_1_84' title='bbox 558 915 571 939; x_wconf 82' lang='lat'>,</span> <span class='ocrx_word' id='word_1_85' title='bbox 604 896 676 927; x_wconf 89' lang='lat' dir='ltr'>aut</span> <span class='ocrx_word' id='word_1_86' title='bbox 706 885 911 926; x_wconf 84' lang='lat' dir='ltr'>Averroes</span> <span class='ocrx_word' id='word_1_87' title='bbox 938 913 950 936; x_wconf 93' lang='lat'>,</span> <span class='ocrx_word' id='word_1_88' title='bbox 983 893 1053 924; x_wconf 87' lang='lat' dir='ltr'>aut</span> <span class='ocrx_word' id='word_1_89' title='bbox 1085 879 1225 924; x_wconf 89' lang='lat' dir='ltr'>Philo—</span> 
     </span>
     <span class='ocr_line' id='line_1_15' title="bbox 179 938 1225 1002; baseline -0.008 -13"><span class='ocrx_word' id='word_1_90' title='bbox 179 961 311 1002; x_wconf 87' lang='lat' dir='ltr'>ponus</span> <span class='ocrx_word' id='word_1_91' title='bbox 337 975 349 998; x_wconf 93' lang='lat'>,</span> <span class='ocrx_word' id='word_1_92' title='bbox 381 957 450 986; x_wconf 90' lang='lat' dir='ltr'>aut</span> <span class='ocrx_word' id='word_1_93' title='bbox 484 943 652 999; x_wconf 83' lang='lat' dir='ltr'>ipsemet</span> <span class='ocrx_word' id='word_1_94' title='bbox 685 939 926 985; x_wconf 82' lang='lat' dir='ltr'>Aristoteles</span> <span class='ocrx_word' id='word_1_95' title='bbox 952 969 965 992; x_wconf 88' lang='lat'>,</span> <span class='ocrx_word' id='word_1_96' title='bbox 995 938 1094 995; x_wconf 86' lang='lat' dir='ltr'>qui,</span> <span class='ocrx_word' id='word_1_97' title='bbox 1127 953 1225 981; x_wconf 86' lang='lat' dir='ltr'>cum</span> 
     </span>
     <span class='ocr_line' id='line_1_16' title="bbox 178 994 1224 1056; baseline -0.008 -10"><span class='ocrx_word' id='word_1_98' title='bbox 178 1003 482 1048; x_wconf 81' lang='lat' dir='ltr'>ineruditorum</span> <span class='ocrx_word' id='word_1_99' title='bbox 525 1000 722 1056; x_wconf 88' lang='lat' dir='ltr'>opinione</span> <span class='ocrx_word' id='word_1_100' title='bbox 755 996 802 1040; x_wconf 85' lang='lat' dir='ltr'>fit</span> <span class='ocrx_word' id='word_1_101' title='bbox 833 998 875 1040; x_wconf 89' lang='lat' dir='ltr'>in</span> <span class='ocrx_word' id='word_1_102' title='bbox 912 996 1135 1040; x_wconf 70' lang='lat' dir='ltr'>Dialeffica</span> <span class='ocrx_word' id='word_1_103' title='bbox 1171 994 1224 1038; x_wconf 86' lang='lat' dir='ltr'>le-</span> 
     </span>
     <span class='ocr_line' id='line_1_17' title="bbox 178 1053 1226 1117; baseline -0.008 -14"><span class='ocrx_word' id='word_1_104' title='bbox 178 1060 349 1117; x_wconf 84' lang='lat' dir='ltr'>gislator</span> <span class='ocrx_word' id='word_1_105' title='bbox 379 1059 422 1102; x_wconf 72' lang='grc' dir='ltr'>ὅ(</span> <span class='ocrx_word' id='word_1_106' title='bbox 454 1058 639 1113; x_wconf 87' lang='lat' dir='ltr'>princeps</span> <span class='ocrx_word' id='word_1_107' title='bbox 661 1088 674 1112; x_wconf 80' lang='lat'>,</span> <span class='ocrx_word' id='word_1_108' title='bbox 704 1071 750 1098; x_wconf 90' lang='lat' dir='ltr'>ac</span> <span class='ocrx_word' id='word_1_109' title='bbox 782 1070 856 1111; x_wconf 90' lang='lat' dir='ltr'>pro</span> <span class='ocrx_word' id='word_1_110' title='bbox 883 1053 1098 1098; x_wconf 86' lang='lat' dir='ltr'>inventore</span> <span class='ocrx_word' id='word_1_111' title='bbox 1115 1053 1226 1098; x_wconf 86' lang='lat' dir='ltr'>illius</span> 
     </span>
     <span class='ocr_line' id='line_1_18' title="bbox 180 1109 1225 1171; baseline -0.01 -9"><span class='ocrx_word' id='word_1_112' title='bbox 180 1118 378 1162; x_wconf 85' lang='lat' dir='ltr'>habeatur</span> <span class='ocrx_word' id='word_1_113' title='bbox 420 1116 470 1159; x_wconf 92' lang='lat' dir='ltr'>ab</span> <span class='ocrx_word' id='word_1_114' title='bbox 513 1114 665 1171; x_wconf 86' lang='lat' dir='ltr'>ignaris</span> <span class='ocrx_word' id='word_1_115' title='bbox 696 1111 1036 1168; x_wconf 79' lang='lat' dir='ltr'>antiquitatum3</span> <span class='ocrx_word' id='word_1_116' title='bbox 1091 1109 1225 1155; x_wconf 91' lang='lat' dir='ltr'>nescio</span> 
     </span>
     <span class='ocr_line' id='line_1_19' title="bbox 178 1169 1226 1233; baseline -0.006 -15"><span class='ocrx_word' id='word_1_117' title='bbox 178 1188 335 1233; x_wconf 85' lang='lat' dir='ltr'>quanta</span> <span class='ocrx_word' id='word_1_118' title='bbox 377 1173 420 1217; x_wconf 90' lang='lat' dir='ltr'>in</span> <span class='ocrx_word' id='word_1_119' title='bbox 465 1173 580 1216; x_wconf 88' lang='lat' dir='ltr'>rebus</span> <span class='ocrx_word' id='word_1_120' title='bbox 625 1171 843 1228; x_wconf 82' lang='lat' dir='ltr'>praesertim</span> <span class='ocrx_word' id='word_1_121' title='bbox 889 1169 1141 1212; x_wconf 86' lang='lat' dir='ltr'>naturalibus</span> <span class='ocrx_word' id='word_1_122' title='bbox 1183 1169 1226 1212; x_wconf 69' lang='grc' dir='ltr'>δε</span> 
     </span>
     <span class='ocr_line' id='line_1_20' title="bbox 180 1226 1223 1278; baseline -0.007 -1"><span class='ocrx_word' id='word_1_123' title='bbox 180 1232 411 1278; x_wconf 77' lang='lat' dir='ltr'>coelestibus</span> <span class='ocrx_word' id='word_1_124' title='bbox 442 1245 491 1274; x_wconf 82' lang='lat' dir='ltr'>ex</span> <span class='ocrx_word' id='word_1_125' title='bbox 525 1245 622 1273; x_wconf 91' lang='lat' dir='ltr'>vero</span> <span class='ocrx_word' id='word_1_126' title='bbox 653 1227 858 1272; x_wconf 87' lang='lat' dir='ltr'>definierit</span> <span class='ocrx_word' id='word_1_127' title='bbox 891 1241 985 1270; x_wconf 89' lang='lat' dir='ltr'>cum</span> <span class='ocrx_word' id='word_1_128' title='bbox 1018 1226 1160 1270; x_wconf 86' lang='lat' dir='ltr'>omnia</span> <span class='ocrx_word' id='word_1_129' title='bbox 1174 1242 1223 1270; x_wconf 82' lang='lat' dir='ltr'>ex</span> 
     </span>
     <span class='ocr_line' id='line_1_21' title="bbox 180 1285 1224 1341; baseline -0.006 -7"><span class='ocrx_word' id='word_1_130' title='bbox 180 1302 266 1335; x_wconf 83' lang='lat' dir='ltr'>arte</span> <span class='ocrx_word' id='word_1_131' title='bbox 299 1289 466 1333; x_wconf 84' lang='lat' dir='ltr'>definire</span> <span class='ocrx_word' id='word_1_132' title='bbox 500 1286 757 1330; x_wconf 90' lang='lat' dir='ltr'>contenderit</span> <span class='ocrx_word' id='word_1_133' title='bbox 793 1317 802 1327; x_wconf 88' lang='lat'><em>.</em></span> <span class='ocrx_word' id='word_1_134' title='bbox 838 1285 1057 1341; x_wconf 81' lang='lat' dir='ltr'>Pergamus</span> <span class='ocrx_word' id='word_1_135' title='bbox 1090 1300 1187 1328; x_wconf 89' lang='lat' dir='ltr'>vero</span> <span class='ocrx_word' id='word_1_136' title='bbox 1212 1315 1224 1337; x_wconf 90' lang='lat'>,</span> 
     </span>
     <span class='ocr_line' id='line_1_22' title="bbox 180 1341 1222 1400; baseline -0.008 -9"><span class='ocrx_word' id='word_1_137' title='bbox 180 1349 225 1393; x_wconf 73' lang='grc' dir='ltr'>δι</span> <span class='ocrx_word' id='word_1_138' title='bbox 256 1364 278 1390; x_wconf 91' lang='lat' dir='ltr'>a</span> <span class='ocrx_word' id='word_1_139' title='bbox 311 1345 535 1390; x_wconf 67' lang='lat' dir='ltr'>Dialeffica</span> <span class='ocrx_word' id='word_1_140' title='bbox 551 1343 817 1400; x_wconf 86' lang='lat' dir='ltr'>distinguendi</span> <span class='ocrx_word' id='word_1_141' title='bbox 837 1341 995 1398; x_wconf 88' lang='lat' dir='ltr'>regulas</span> <span class='ocrx_word' id='word_1_142' title='bbox 1013 1355 1222 1398; x_wconf 86' lang='lat' dir='ltr'>petamus:</span> 
     </span>
     <span class='ocr_line' id='line_1_23' title="bbox 180 1400 1225 1460; baseline -0.006 -11"><span class='ocrx_word' id='word_1_143' title='bbox 180 1418 273 1450; x_wconf 87' lang='lat' dir='ltr'>uter</span> <span class='ocrx_word' id='word_1_144' title='bbox 311 1403 444 1460; x_wconf 82' lang='lat' dir='ltr'>quaeso</span> <span class='ocrx_word' id='word_1_145' title='bbox 492 1402 685 1445; x_wconf 87' lang='lat' dir='ltr'>heredum</span> <span class='ocrx_word' id='word_1_146' title='bbox 729 1400 1002 1444; x_wconf 88' lang='lat' dir='ltr'>differentiam</span> <span class='ocrx_word' id='word_1_147' title='bbox 1046 1401 1225 1444; x_wconf 84' lang='lat' dir='ltr'>ostendet</span> 
     </span>
     <span class='ocr_line' id='line_1_24' title="bbox 180 1457 1225 1519; baseline -0.007 -12"><span class='ocrx_word' id='word_1_148' title='bbox 180 1461 435 1519; x_wconf 75' lang='lat' dir='ltr'>expeditius,</span> <span class='ocrx_word' id='word_1_149' title='bbox 474 1459 721 1503; x_wconf 66' lang='lat' dir='ltr'>Dialefficus</span> <span class='ocrx_word' id='word_1_150' title='bbox 752 1472 802 1502; x_wconf 90' lang='lat' dir='ltr'>ne</span> <span class='ocrx_word' id='word_1_151' title='bbox 829 1489 842 1511; x_wconf 85' lang='lat'>‚</span> <span class='ocrx_word' id='word_1_152' title='bbox 873 1472 923 1500; x_wconf 88' lang='lat' dir='ltr'>an</span> <span class='ocrx_word' id='word_1_153' title='bbox 958 1457 1225 1509; x_wconf 87' lang='lat' dir='ltr'>Jurisconsul-</span> 
     </span>
     <span class='ocr_line' id='line_1_25' title="bbox 179 1514 1251 1595; baseline -0.007 -31"><span class='ocrx_word' id='word_1_154' title='bbox 179 1532 247 1564; x_wconf 74' lang='lat' dir='ltr'>tus</span> <span class='ocrx_word' id='word_1_155' title='bbox 271 1551 284 1573; x_wconf 86' lang='lat'>,</span> <span class='ocrx_word' id='word_1_156' title='bbox 330 1519 399 1575; x_wconf 91' lang='lat' dir='ltr'>qui</span> <span class='ocrx_word' id='word_1_157' title='bbox 443 1517 566 1573; x_wconf 84' lang='lat' dir='ltr'>probe</span> <span class='ocrx_word' id='word_1_158' title='bbox 611 1528 759 1569; x_wconf 89' lang='lat' dir='ltr'>tenet,</span> <span class='ocrx_word' id='word_1_159' title='bbox 794 1514 986 1558; x_wconf 82' lang='lat' dir='ltr'>heredum</span> <span class='ocrx_word' id='word_1_160' title='bbox 1022 1514 1122 1558; x_wconf 86' lang='lat' dir='ltr'>alios</span> <span class='ocrx_word' id='word_1_161' title='bbox 1152 1514 1251 1595; x_wconf 70' lang='lat' dir='ltr'>esse¹</span> 
     </span>
     <span class='ocr_line' id='line_1_26' title="bbox 181 1571 1251 1639; baseline -0.007 -17"><span class='ocrx_word' id='word_1_162' title='bbox 181 1578 271 1622; x_wconf 84' lang='lat' dir='ltr'>suos</span> <span class='ocrx_word' id='word_1_163' title='bbox 301 1576 344 1620; x_wconf 72' lang='lat'>8&lt;</span> <span class='ocrx_word' id='word_1_164' title='bbox 377 1574 610 1620; x_wconf 78' lang='lat' dir='ltr'>necessarios</span> <span class='ocrx_word' id='word_1_165' title='bbox 636 1605 648 1626; x_wconf 88' lang='lat'>‚</span> <span class='ocrx_word' id='word_1_166' title='bbox 700 1585 743 1617; x_wconf 91' lang='lat' dir='ltr'>ut</span> <span class='ocrx_word' id='word_1_167' title='bbox 776 1571 1093 1625; x_wconf 81' lang='lat' dir='ltr'>filiusfamilias,</span> <span class='ocrx_word' id='word_1_168' title='bbox 1126 1571 1251 1639; x_wconf 50' lang='lat' dir='ltr'>aliosi</span> 
     </span>
     <span class='ocr_line' id='line_1_27' title="bbox 178 1628 1251 1684; baseline -0.007 -4"><span class='ocrx_word' id='word_1_169' title='bbox 178 1633 417 1680; x_wconf 70' lang='lat' dir='ltr'>necessarios</span> <span class='ocrx_word' id='word_1_170' title='bbox 441 1645 603 1676; x_wconf 88' lang='lat' dir='ltr'>tanturn</span> <span class='ocrx_word' id='word_1_171' title='bbox 626 1646 710 1675; x_wconf 89' lang='lat' dir='ltr'>non</span> <span class='ocrx_word' id='word_1_172' title='bbox 726 1630 811 1674; x_wconf 88' lang='lat' dir='ltr'>suos</span> <span class='ocrx_word' id='word_1_173' title='bbox 827 1661 839 1684; x_wconf 90' lang='lat'>,</span> <span class='ocrx_word' id='word_1_174' title='bbox 872 1641 916 1673; x_wconf 93' lang='lat' dir='ltr'>ut</span> <span class='ocrx_word' id='word_1_175' title='bbox 939 1630 1096 1674; x_wconf 86' lang='lat' dir='ltr'>servus:</span> <span class='ocrx_word' id='word_1_176' title='bbox 1123 1628 1226 1673; x_wconf 87' lang='lat' dir='ltr'>alios</span> <span class='ocrx_word' id='word_1_177' title='bbox 1247 1653 1251 1680; x_wconf 64' lang='lat'>2</span> 
     </span>
     <span class='ocr_line' id='line_1_28' title="bbox 182 1687 1222 1749; baseline -0.008 -11"><span class='ocrx_word' id='word_1_178' title='bbox 182 1707 315 1749; x_wconf 87' lang='lat' dir='ltr'>neque</span> <span class='ocrx_word' id='word_1_179' title='bbox 361 1691 445 1734; x_wconf 85' lang='lat' dir='ltr'>suos</span> <span class='ocrx_word' id='word_1_180' title='bbox 473 1721 484 1744; x_wconf 90' lang='lat'>,</span> <span class='ocrx_word' id='word_1_181' title='bbox 529 1705 661 1745; x_wconf 86' lang='lat' dir='ltr'>neque</span> <span class='ocrx_word' id='word_1_182' title='bbox 708 1687 946 1733; x_wconf 77' lang='lat' dir='ltr'>necessarios</span> <span class='ocrx_word' id='word_1_183' title='bbox 966 1718 978 1741; x_wconf 94' lang='lat'>,</span> <span class='ocrx_word' id='word_1_184' title='bbox 1011 1700 1055 1730; x_wconf 91' lang='lat' dir='ltr'>ut</span> <span class='ocrx_word' id='word_1_185' title='bbox 1085 1699 1222 1731; x_wconf 85' lang='lat' dir='ltr'>extra-</span> 
     </span>
     <span class='ocr_line' id='line_1_29' title="bbox 181 1745 1228 1803; baseline -0.008 -8"><span class='ocrx_word' id='word_1_186' title='bbox 181 1752 309 1795; x_wconf 86' lang='lat' dir='ltr'>neus?</span> <span class='ocrx_word' id='word_1_187' title='bbox 343 1764 394 1791; x_wconf 90' lang='lat' dir='ltr'>an</span> <span class='ocrx_word' id='word_1_188' title='bbox 425 1746 703 1798; x_wconf 67' lang='lat' dir='ltr'>Dialefficus,</span> <span class='ocrx_word' id='word_1_189' title='bbox 736 1745 804 1803; x_wconf 85' lang='lat' dir='ltr'>qui</span> <span class='ocrx_word' id='word_1_190' title='bbox 840 1746 908 1788; x_wconf 80' lang='lat' dir='ltr'>vix</span> <span class='ocrx_word' id='word_1_191' title='bbox 943 1745 1135 1789; x_wconf 86' lang='lat' dir='ltr'>heredum</span> <span class='ocrx_word' id='word_1_192' title='bbox 1152 1760 1228 1788; x_wconf 85' lang='lat' dir='ltr'>no-</span> 
     </span>
     <span class='ocr_line' id='line_1_30' title="bbox 183 1801 1226 1860; baseline -0.006 -8"><span class='ocrx_word' id='word_1_193' title='bbox 183 1823 282 1852; x_wconf 86' lang='lat' dir='ltr'>rnen</span> <span class='ocrx_word' id='word_1_194' title='bbox 327 1804 449 1848; x_wconf 86' lang='lat' dir='ltr'>fando</span> <span class='ocrx_word' id='word_1_195' title='bbox 479 1805 711 1860; x_wconf 80' lang='lat' dir='ltr'>acceperit?</span> <span class='ocrx_word' id='word_1_196' title='bbox 758 1802 830 1847; x_wconf 86' lang='lat' dir='ltr'>nifi</span> <span class='ocrx_word' id='word_1_197' title='bbox 865 1802 1048 1847; x_wconf 88' lang='lat' dir='ltr'>multum</span> <span class='ocrx_word' id='word_1_198' title='bbox 1080 1801 1226 1847; x_wconf 86' lang='lat' dir='ltr'>referre</span> 
     </span>
     <span class='ocr_line' id='line_1_31' title="bbox 185 1859 1224 1921; baseline -0.008 -12"><span class='ocrx_word' id='word_1_199' title='bbox 185 1878 373 1921; x_wconf 88' lang='lat' dir='ltr'>putemus</span> <span class='ocrx_word' id='word_1_200' title='bbox 399 1894 410 1916; x_wconf 93' lang='lat'>,</span> <span class='ocrx_word' id='word_1_201' title='bbox 443 1862 550 1918; x_wconf 90' lang='lat' dir='ltr'>quod</span> <span class='ocrx_word' id='word_1_202' title='bbox 582 1860 815 1905; x_wconf 65' lang='lat' dir='ltr'>dialee‘ticus</span> <span class='ocrx_word' id='word_1_203' title='bbox 846 1861 914 1916; x_wconf 87' lang='lat' dir='ltr'>qui</span> <span class='ocrx_word' id='word_1_204' title='bbox 946 1859 1033 1911; x_wconf 78' lang='lat' dir='ltr'>iura</span> <span class='ocrx_word' id='word_1_205' title='bbox 1067 1859 1224 1913; x_wconf 75' lang='lat' dir='ltr'>nosset,</span> 
     </span>
     <span class='ocr_line' id='line_1_32' title="bbox 182 1917 1227 1975; baseline -0.008 -8"><span class='ocrx_word' id='word_1_206' title='bbox 182 1923 269 1967; x_wconf 79' lang='lat' dir='ltr'>haec</span> <span class='ocrx_word' id='word_1_207' title='bbox 311 1920 546 1964; x_wconf 73' lang='lat' dir='ltr'>distinxisset</span> <span class='ocrx_word' id='word_1_208' title='bbox 578 1918 699 1975; x_wconf 89' lang='lat' dir='ltr'>longe</span> <span class='ocrx_word' id='word_1_209' title='bbox 725 1917 933 1971; x_wconf 80' lang='lat' dir='ltr'>subtilius,</span> <span class='ocrx_word' id='word_1_210' title='bbox 965 1929 1129 1974; x_wconf 86' lang='lat' dir='ltr'>arteque</span> <span class='ocrx_word' id='word_1_211' title='bbox 1163 1918 1227 1960; x_wconf 85' lang='lat' dir='ltr'>sua</span> 
     </span>
     <span class='ocr_line' id='line_1_33' title="bbox 186 1974 1226 2031; baseline -0.007 -7"><span class='ocrx_word' id='word_1_212' title='bbox 186 1981 265 2024; x_wconf 81' lang='lat' dir='ltr'>tria</span> <span class='ocrx_word' id='word_1_213' title='bbox 299 1978 368 2022; x_wconf 85' lang='lat' dir='ltr'>illa</span> <span class='ocrx_word' id='word_1_214' title='bbox 384 1978 565 2020; x_wconf 89' lang='lat' dir='ltr'>membra</span> <span class='ocrx_word' id='word_1_215' title='bbox 581 1975 756 2031; x_wconf 86' lang='lat' dir='ltr'>imparia</span> <span class='ocrx_word' id='word_1_216' title='bbox 771 1974 978 2031; x_wconf 81' lang='lat' dir='ltr'>redegisset</span> <span class='ocrx_word' id='word_1_217' title='bbox 993 1976 1039 2018; x_wconf 89' lang='lat' dir='ltr'>ad</span> <span class='ocrx_word' id='word_1_218' title='bbox 1056 1974 1226 2031; x_wconf 86' lang='lat' dir='ltr'>aequalia</span> 
     </span>
     <span class='ocr_line' id='line_1_34' title="bbox 182 2032 1226 2090; baseline -0.007 -8"><span class='ocrx_word' id='word_1_219' title='bbox 182 2039 289 2090; x_wconf 89' lang='lat' dir='ltr'>du0,</span> <span class='ocrx_word' id='word_1_220' title='bbox 320 2048 543 2090; x_wconf 87' lang='lat' dir='ltr'>eorumque</span> <span class='ocrx_word' id='word_1_221' title='bbox 574 2033 749 2077; x_wconf 87' lang='lat' dir='ltr'>alterum</span> <span class='ocrx_word' id='word_1_222' title='bbox 782 2033 826 2076; x_wconf 89' lang='lat' dir='ltr'>in</span> <span class='ocrx_word' id='word_1_223' title='bbox 859 2033 1023 2076; x_wconf 86' lang='lat' dir='ltr'>minora</span> <span class='ocrx_word' id='word_1_224' title='bbox 1055 2032 1226 2076; x_wconf 89' lang='lat' dir='ltr'>totidem</span> 
     </span>
     <span class='ocr_line' id='line_1_35' title="bbox 181 2089 1226 2147; baseline -0.008 -8"><span class='ocrx_word' id='word_1_225' title='bbox 181 2093 429 2145; x_wconf 79' lang='lat' dir='ltr'>diremiffet,</span> <span class='ocrx_word' id='word_1_226' title='bbox 461 2106 610 2147; x_wconf 84' lang='lat' dir='ltr'>nempe</span> <span class='ocrx_word' id='word_1_227' title='bbox 643 2091 698 2134; x_wconf 88' lang='lat' dir='ltr'>ita</span> <span class='ocrx_word' id='word_1_228' title='bbox 728 2107 738 2132; x_wconf 90' lang='lat'>:</span> <span class='ocrx_word' id='word_1_229' title='bbox 773 2089 973 2133; x_wconf 83' lang='lat' dir='ltr'>Heredum</span> <span class='ocrx_word' id='word_1_230' title='bbox 1003 2090 1080 2133; x_wconf 81' lang='lat' dir='ltr'>alii</span> <span class='ocrx_word' id='word_1_231' title='bbox 1104 2089 1226 2143; x_wconf 79' lang='lat' dir='ltr'>neces·</span> 
     </span>
     <span class='ocr_line' id='line_1_36' title="bbox 181 2145 1228 2207; baseline -0.005 -12"><span class='ocrx_word' id='word_1_232' title='bbox 181 2153 292 2207; x_wconf 84' lang='lat' dir='ltr'>sarii</span> <span class='ocrx_word' id='word_1_233' title='bbox 317 2151 416 2205; x_wconf 83' lang='lat' dir='ltr'>sunt</span> <span class='ocrx_word' id='word_1_234' title='bbox 440 2181 454 2204; x_wconf 94' lang='lat'>,</span> <span class='ocrx_word' id='word_1_235' title='bbox 484 2149 560 2192; x_wconf 82' lang='lat' dir='ltr'>alii</span> <span class='ocrx_word' id='word_1_236' title='bbox 588 2149 768 2191; x_wconf 80' lang='lat' dir='ltr'>extranei</span> <span class='ocrx_word' id='word_1_237' title='bbox 790 2163 802 2199; x_wconf 82' lang='lat'>3</span> <span class='ocrx_word' id='word_1_238' title='bbox 834 2145 1128 2202; x_wconf 82' lang='lat' dir='ltr'>neceffariorum</span> <span class='ocrx_word' id='word_1_239' title='bbox 1158 2163 1228 2190; x_wconf 84' lang='lat' dir='ltr'>ve-</span> 
     </span>
     <span class='ocr_line' id='line_1_37' title="bbox 188 2205 1229 2262; baseline -0.006 -9"><span class='ocrx_word' id='word_1_240' title='bbox 188 2228 227 2254; x_wconf 80' lang='lat' dir='ltr'>ro</span> <span class='ocrx_word' id='word_1_241' title='bbox 257 2210 331 2252; x_wconf 81' lang='lat' dir='ltr'>alii</span> <span class='ocrx_word' id='word_1_242' title='bbox 350 2208 445 2262; x_wconf 83' lang='lat' dir='ltr'>sui,</span> <span class='ocrx_word' id='word_1_243' title='bbox 476 2207 553 2248; x_wconf 80' lang='lat' dir='ltr'>alii</span> <span class='ocrx_word' id='word_1_244' title='bbox 575 2223 650 2248; x_wconf 86' lang='lat' dir='ltr'>non</span> <span class='ocrx_word' id='word_1_245' title='bbox 669 2206 764 2260; x_wconf 77' lang='lat' dir='ltr'>sui.</span> <span class='ocrx_word' id='word_1_246' title='bbox 799 2206 901 2259; x_wconf 77' lang='lat' dir='ltr'>Quae</span> <span class='ocrx_word' id='word_1_247' title='bbox 925 2205 1068 2248; x_wconf 84' lang='lat' dir='ltr'>divifio</span> <span class='ocrx_word' id='word_1_248' title='bbox 1084 2220 1229 2260; x_wconf 89' lang='lat' dir='ltr'>quam-</span> 
     </span>
     <span class='ocr_line' id='line_1_38' title="bbox 189 2262 1228 2315; baseline -0.006 -5"><span class='ocrx_word' id='word_1_249' title='bbox 189 2266 253 2310; x_wconf 90' lang='lat' dir='ltr'>vis</span> <span class='ocrx_word' id='word_1_250' title='bbox 304 2282 325 2309; x_wconf 90' lang='lat' dir='ltr'>e</span> <span class='ocrx_word' id='word_1_251' title='bbox 359 2267 519 2308; x_wconf 84' lang='lat' dir='ltr'>summo</span> <span class='ocrx_word' id='word_1_252' title='bbox 551 2263 724 2306; x_wconf 86' lang='lat' dir='ltr'>artificio</span> <span class='ocrx_word' id='word_1_253' title='bbox 757 2263 897 2306; x_wconf 90' lang='lat' dir='ltr'>veniat</span> <span class='ocrx_word' id='word_1_254' title='bbox 922 2293 936 2315; x_wconf 87' lang='lat'>‚</span> <span class='ocrx_word' id='word_1_255' title='bbox 967 2262 1228 2306; x_wconf 84' lang='lat' dir='ltr'>adolescenti·</span> 
     </span>
     <span class='ocr_line' id='line_1_39' title="bbox 184 2318 1226 2376; baseline -0.007 -8"><span class='ocrx_word' id='word_1_256' title='bbox 184 2324 257 2368; x_wconf 90' lang='lat' dir='ltr'>bus</span> <span class='ocrx_word' id='word_1_257' title='bbox 300 2335 441 2366; x_wconf 87' lang='lat' dir='ltr'>tamen</span> <span class='ocrx_word' id='word_1_258' title='bbox 475 2321 594 2376; x_wconf 85' lang='lat' dir='ltr'>longe</span> <span class='ocrx_word' id='word_1_259' title='bbox 627 2318 756 2371; x_wconf 82' lang='lat' dir='ltr'>majus</span> <span class='ocrx_word' id='word_1_260' title='bbox 787 2319 1002 2375; x_wconf 83' lang='lat' dir='ltr'>negotium</span> <span class='ocrx_word' id='word_1_261' title='bbox 1034 2319 1187 2363; x_wconf 80' lang='lat' dir='ltr'>facessit</span> <span class='ocrx_word' id='word_1_262' title='bbox 1214 2351 1226 2374; x_wconf 97' lang='lat'>,</span> 
     </span>
     <span class='ocr_line' id='line_1_40' title="bbox 186 2375 1251 2436; baseline -0.005 -12"><span class='ocrx_word' id='word_1_263' title='bbox 186 2392 326 2436; x_wconf 83' lang='lat' dir='ltr'>utpote</span> <span class='ocrx_word' id='word_1_264' title='bbox 357 2393 444 2436; x_wconf 83' lang='lat' dir='ltr'>quae</span> <span class='ocrx_word' id='word_1_265' title='bbox 474 2392 633 2422; x_wconf 87' lang='lat' dir='ltr'>mentes</span> <span class='ocrx_word' id='word_1_266' title='bbox 666 2377 711 2420; x_wconf 84' lang='lat' dir='ltr'>in</span> <span class='ocrx_word' id='word_1_267' title='bbox 743 2392 857 2433; x_wconf 84' lang='lat' dir='ltr'>aequo</span> <span class='ocrx_word' id='word_1_268' title='bbox 882 2375 1134 2431; x_wconf 68' lang='lat' dir='ltr'>insistentes,</span> <span class='ocrx_word' id='word_1_269' title='bbox 1166 2377 1251 2420; x_wconf 84' lang='lat' dir='ltr'>di-¹</span> 
     </span>
     <span class='ocr_line' id='line_1_41' title="bbox 169 2433 1227 2492; baseline -0.008 -8"><span class='ocrx_word' id='word_1_270' title='bbox 169 2439 345 2492; x_wconf 53' lang='lat' dir='ltr'>‚visione</span> <span class='ocrx_word' id='word_1_271' title='bbox 398 2436 566 2480; x_wconf 90' lang='lat' dir='ltr'>alterius</span> <span class='ocrx_word' id='word_1_272' title='bbox 610 2435 787 2478; x_wconf 87' lang='lat' dir='ltr'>membri</span> <span class='ocrx_word' id='word_1_273' title='bbox 835 2433 1019 2478; x_wconf 87' lang='lat' dir='ltr'>deorsum</span> <span class='ocrx_word' id='word_1_274' title='bbox 1054 2435 1187 2478; x_wconf 91' lang='lat' dir='ltr'>trudat</span> <span class='ocrx_word' id='word_1_275' title='bbox 1215 2465 1227 2488; x_wconf 89' lang='lat'>‚</span> 
     </span>
     <span class='ocr_line' id='line_1_42' title="bbox 183 2491 1226 2551; baseline -0.006 -11"><span class='ocrx_word' id='word_1_276' title='bbox 183 2511 338 2551; x_wconf 87' lang='lat' dir='ltr'>nempe</span> <span class='ocrx_word' id='word_1_277' title='bbox 373 2494 419 2537; x_wconf 89' lang='lat' dir='ltr'>in</span> <span class='ocrx_word' id='word_1_278' title='bbox 456 2494 556 2536; x_wconf 91' lang='lat' dir='ltr'>duos</span> <span class='ocrx_word' id='word_1_279' title='bbox 586 2491 682 2536; x_wconf 85' lang='lat' dir='ltr'>illos</span> <span class='ocrx_word' id='word_1_280' title='bbox 714 2491 927 2536; x_wconf 85' lang='lat' dir='ltr'>inferiores</span> <span class='ocrx_word' id='word_1_281' title='bbox 958 2492 1102 2548; x_wconf 85' lang='lat' dir='ltr'>gradus</span> <span class='ocrx_word' id='word_1_282' title='bbox 1123 2523 1137 2546; x_wconf 88' lang='lat'>,</span> <span class='ocrx_word' id='word_1_283' title='bbox 1184 2493 1226 2535; x_wconf 88' lang='lat' dir='ltr'>in</span> 
     </span>
     <span class='ocr_line' id='line_1_43' title="bbox 182 2549 1227 2612; baseline -0.007 -13"><span class='ocrx_word' id='word_1_284' title='bbox 182 2570 283 2612; x_wconf 89' lang='lat' dir='ltr'>quos</span> <span class='ocrx_word' id='word_1_285' title='bbox 331 2550 468 2596; x_wconf 87' lang='lat' dir='ltr'>divisit</span> <span class='ocrx_word' id='word_1_286' title='bbox 522 2549 587 2593; x_wconf 86' lang='lat' dir='ltr'>vir</span> <span class='ocrx_word' id='word_1_287' title='bbox 619 2550 689 2593; x_wconf 89' lang='lat' dir='ltr'>ille</span> <span class='ocrx_word' id='word_1_288' title='bbox 722 2549 928 2593; x_wconf 86' lang='lat' dir='ltr'>mirabilis</span> <span class='ocrx_word' id='word_1_289' title='bbox 960 2550 1126 2594; x_wconf 87' lang='lat' dir='ltr'>heredes</span> <span class='ocrx_word' id='word_1_290' title='bbox 1157 2564 1227 2593; x_wconf 90' lang='lat' dir='ltr'>ne-</span> 
     </span>
     <span class='ocr_line' id='line_1_44' title="bbox 180 2606 1227 2664; baseline -0.008 -7"><span class='ocrx_word' id='word_1_291' title='bbox 180 2611 367 2657; x_wconf 76' lang='lat' dir='ltr'>cessarios</span> <span class='ocrx_word' id='word_1_292' title='bbox 403 2626 412 2651; x_wconf 77' lang='grc' dir='ltr'><strong>ε</strong></span> <span class='ocrx_word' id='word_1_293' title='bbox 447 2623 547 2652; x_wconf 87' lang='lat' dir='ltr'>cum</span> <span class='ocrx_word' id='word_1_294' title='bbox 580 2622 629 2651; x_wconf 84' lang='lat' dir='ltr'>ex</span> <span class='ocrx_word' id='word_1_295' title='bbox 663 2606 746 2650; x_wconf 89' lang='lat' dir='ltr'>alia</span> <span class='ocrx_word' id='word_1_296' title='bbox 777 2608 990 2663; x_wconf 83' lang='lat' dir='ltr'>pinguiori</span> <span class='ocrx_word' id='word_1_297' title='bbox 1023 2607 1187 2664; x_wconf 87' lang='lat' dir='ltr'>quidem</span> <span class='ocrx_word' id='word_1_298' title='bbox 1215 2639 1227 2660; x_wconf 74' lang='lat'>,</span> 
     </span>
     <span class='ocr_line' id='line_1_45' title="bbox 183 2664 1228 2720; baseline -0.006 -6"><span class='ocrx_word' id='word_1_299' title='bbox 183 2684 226 2714; x_wconf 83' lang='lat' dir='ltr'>at</span> <span class='ocrx_word' id='word_1_300' title='bbox 271 2666 432 2712; x_wconf 89' lang='lat' dir='ltr'>utiliori</span> <span class='ocrx_word' id='word_1_301' title='bbox 468 2678 609 2708; x_wconf 88' lang='lat' dir='ltr'>tamen</span> <span class='ocrx_word' id='word_1_302' title='bbox 641 2677 762 2720; x_wconf 88' lang='lat' dir='ltr'>atque</span> <span class='ocrx_word' id='word_1_303' title='bbox 797 2664 973 2709; x_wconf 81' lang='lat' dir='ltr'>faciliori</span> <span class='ocrx_word' id='word_1_304' title='bbox 1001 2697 1014 2720; x_wconf 95' lang='lat'>,</span> <span class='ocrx_word' id='word_1_305' title='bbox 1044 2665 1124 2708; x_wconf 90' lang='lat' dir='ltr'>tria</span> <span class='ocrx_word' id='word_1_306' title='bbox 1157 2664 1228 2708; x_wconf 89' lang='lat' dir='ltr'>illa</span> 
     </span>
     <span class='ocr_line' id='line_1_46' title="bbox 183 2723 1228 2778; baseline -0.005 -7"><span class='ocrx_word' id='word_1_307' title='bbox 183 2726 366 2771; x_wconf 86' lang='lat' dir='ltr'>feliciter</span> <span class='ocrx_word' id='word_1_308' title='bbox 416 2723 641 2778; x_wconf 87' lang='lat' dir='ltr'>eademque</span> <span class='ocrx_word' id='word_1_309' title='bbox 675 2724 947 2777; x_wconf 81' lang='lat' dir='ltr'>progressione</span> <span class='ocrx_word' id='word_1_310' title='bbox 980 2723 1133 2766; x_wconf 89' lang='lat' dir='ltr'>mentis</span> <span class='ocrx_word' id='word_1_311' title='bbox 1166 2738 1228 2766; x_wconf 89' lang='lat' dir='ltr'>re·</span> 
     </span>
     <span class='ocr_line' id='line_1_47' title="bbox 181 2779 1228 2839; baseline -0.007 -10"><span class='ocrx_word' id='word_1_312' title='bbox 181 2786 248 2828; x_wconf 68' lang='lat' dir='ltr'>&amp;a</span> <span class='ocrx_word' id='word_1_313' title='bbox 295 2793 575 2839; x_wconf 86' lang='lat' dir='ltr'>percurramus</span> <span class='ocrx_word' id='word_1_314' title='bbox 609 2811 618 2822; x_wconf 94' lang='lat'><strong>.</strong></span> <span class='ocrx_word' id='word_1_315' title='bbox 664 2779 882 2834; x_wconf 83' lang='lat' dir='ltr'>Propterea</span> <span class='ocrx_word' id='word_1_316' title='bbox 922 2780 1109 2824; x_wconf 90' lang='lat' dir='ltr'>contenti</span> <span class='ocrx_word' id='word_1_317' title='bbox 1140 2780 1228 2823; x_wconf 86' lang='lat' dir='ltr'>fue·</span> 
     </span>
     <span class='ocr_line' id='line_1_48' title="bbox 186 2836 1224 2893; baseline -0.006 -7"><span class='ocrx_word' id='word_1_318' title='bbox 186 2853 282 2886; x_wconf 90' lang='lat' dir='ltr'>runt</span> <span class='ocrx_word' id='word_1_319' title='bbox 315 2836 589 2892; x_wconf 76' lang='lat' dir='ltr'>jurisconsulti</span> <span class='ocrx_word' id='word_1_320' title='bbox 621 2836 755 2879; x_wconf 87' lang='lat' dir='ltr'>multa</span> <span class='ocrx_word' id='word_1_321' title='bbox 786 2836 1059 2893; x_wconf 86' lang='lat' dir='ltr'>distinguere,</span> <span class='ocrx_word' id='word_1_322' title='bbox 1089 2852 1137 2880; x_wconf 88' lang='lat' dir='ltr'>ac</span> <span class='ocrx_word' id='word_1_323' title='bbox 1158 2838 1224 2881; x_wconf 90' lang='lat' dir='ltr'>de·</span> 
     </span>
     <span class='ocr_line' id='line_1_49' title="bbox 186 2893 1227 2951; baseline -0.007 -7"><span class='ocrx_word' id='word_1_324' title='bbox 186 2900 306 2945; x_wconf 88' lang='lat' dir='ltr'>finire</span> <span class='ocrx_word' id='word_1_325' title='bbox 339 2896 503 2940; x_wconf 78' lang='lat' dir='ltr'>crassius</span> <span class='ocrx_word' id='word_1_326' title='bbox 537 2910 587 2937; x_wconf 91' lang='lat' dir='ltr'>ne</span> <span class='ocrx_word' id='word_1_327' title='bbox 621 2893 754 2936; x_wconf 84' lang='lat' dir='ltr'>nimio</span> <span class='ocrx_word' id='word_1_328' title='bbox 786 2894 959 2939; x_wconf 83' lang='lat' dir='ltr'>artificio</span> <span class='ocrx_word' id='word_1_329' title='bbox 992 2908 1114 2951; x_wconf 90' lang='lat' dir='ltr'>atque</span> <span class='ocrx_word' id='word_1_330' title='bbox 1141 2895 1227 2938; x_wconf 88' lang='lat' dir='ltr'>sub-</span> 
     </span>
     <span class='ocr_line' id='line_1_50' title="bbox 188 2951 1228 3008; baseline -0.006 -8"><span class='ocrx_word' id='word_1_331' title='bbox 188 2957 342 3001; x_wconf 86' lang='lat' dir='ltr'>tilitate</span> <span class='ocrx_word' id='word_1_332' title='bbox 390 2951 561 3008; x_wconf 86' lang='lat' dir='ltr'>ingenia</span> <span class='ocrx_word' id='word_1_333' title='bbox 611 2951 856 2995; x_wconf 85' lang='lat' dir='ltr'>discentium</span> <span class='ocrx_word' id='word_1_334' title='bbox 905 2953 1191 2996; x_wconf 77' lang='lat' dir='ltr'>excruciarent</span> <span class='ocrx_word' id='word_1_335' title='bbox 1219 2984 1228 2994; x_wconf 92' lang='lat'><strong>.</strong></span> 
     </span>
     <span class='ocr_line' id='line_1_51' title="bbox 189 3008 1228 3071; baseline -0.005 -14"><span class='ocrx_word' id='word_1_336' title='bbox 189 3012 400 3071; x_wconf 68' lang='lat' dir='ltr'>Qiorsum</span> <span class='ocrx_word' id='word_1_337' title='bbox 448 3009 564 3054; x_wconf 81' lang='lat' dir='ltr'>enim</span> <span class='ocrx_word' id='word_1_338' title='bbox 596 3024 642 3051; x_wconf 86' lang='lat' dir='ltr'>ea</span> <span class='ocrx_word' id='word_1_339' title='bbox 675 3008 720 3051; x_wconf 90' lang='lat' dir='ltr'>in</span> <span class='ocrx_word' id='word_1_340' title='bbox 752 3009 970 3053; x_wconf 69' lang='lat' dir='ltr'>dividendo</span> <span class='ocrx_word' id='word_1_341' title='bbox 1004 3009 1228 3065; x_wconf 87' lang='lat' dir='ltr'>superstitio</span> 
     </span>
     <span class='ocr_line' id='line_1_52' title="bbox 191 3065 1231 3126; baseline -0.005 -11"><span class='ocrx_word' id='word_1_342' title='bbox 191 3085 312 3126; x_wconf 86' lang='lat' dir='ltr'>atque</span> <span class='ocrx_word' id='word_1_343' title='bbox 345 3067 530 3111; x_wconf 80' lang='lat' dir='ltr'>anxietas</span> <span class='ocrx_word' id='word_1_344' title='bbox 550 3098 562 3120; x_wconf 92' lang='lat'>,</span> <span class='ocrx_word' id='word_1_345' title='bbox 595 3065 620 3109; x_wconf 81' lang='lat' dir='ltr'>si</span> <span class='ocrx_word' id='word_1_346' title='bbox 653 3081 713 3110; x_wconf 84' lang='lat' dir='ltr'>res</span> <span class='ocrx_word' id='word_1_347' title='bbox 745 3068 890 3122; x_wconf 86' lang='lat' dir='ltr'>quibus</span> <span class='ocrx_word' id='word_1_348' title='bbox 922 3067 1150 3122; x_wconf 88' lang='lat' dir='ltr'>aperiendis</span> <span class='ocrx_word' id='word_1_349' title='bbox 1170 3067 1231 3110; x_wconf 88' lang='lat' dir='ltr'>di-</span> 
     </span>
    </p>
   </div>
   <div class='ocr_carea' id='block_1_2' title="bbox 1246 1840 1251 1957">
    <p class='ocr_par' dir='ltr' id='par_1_2' title="bbox 1246 1840 1251 1957">
     <span class='ocr_line' id='line_1_53' title="bbox 1246 1840 1251 1957; baseline 0 1513"><span class='ocrx_word' id='word_1_350' title='bbox 1246 1840 1251 1957; x_wconf 95' lang='lat' dir='ltr'> </span> 
     </span>
    </p>
   </div>
   <div class='ocr_carea' id='block_1_3' title="bbox 1246 1413 1252 1542">
    <p class='ocr_par' dir='ltr' id='par_1_3' title="bbox 1246 1413 1252 1542">
     <span class='ocr_line' id='line_1_54' title="bbox 1246 1413 1252 1542; baseline 0 1928"><span class='ocrx_word' id='word_1_351' title='bbox 1246 1413 1252 1542; x_wconf 95' lang='lat' dir='ltr'> </span> 
     </span>
    </p>
   </div>
   <div class='ocr_carea' id='block_1_4' title="bbox 1246 1681 1252 1835">
    <p class='ocr_par' dir='ltr' id='par_1_4' title="bbox 1246 1681 1252 1835">
     <span class='ocr_line' id='line_1_55' title="bbox 1246 1681 1252 1835; baseline 0 1635"><span class='ocrx_word' id='word_1_352' title='bbox 1246 1681 1252 1835; x_wconf 95' lang='lat' dir='ltr'> </span> 
     </span>
    </p>
   </div>
   <div class='ocr_carea' id='block_1_5' title="bbox 985 111 1859 172">
    <p class='ocr_par' dir='ltr' id='par_1_5' title="bbox 985 111 1859 172">
     <span class='ocr_line' id='line_1_56' title="bbox 985 111 1859 172; baseline 0 -2"><span class='ocrx_word' id='word_1_353' title='bbox 985 111 1859 172; x_wconf 84' lang='lat' dir='ltr'>GRAVINAE.</span> 
     </span>
    </p>
   </div>
   <div class='ocr_carea' id='block_1_6' title="bbox 1247 189 2314 251">
    <p class='ocr_par' dir='ltr' id='par_1_6' title="bbox 1247 189 2314 251">
     <span class='ocr_line' id='line_1_57' title="bbox 1247 189 2314 251; baseline 0 -18"><span class='ocrx_word' id='word_1_354' title='bbox 1247 206 1361 234; x_wconf 84' lang='lat' dir='ltr'>.rem</span> <span class='ocrx_word' id='word_1_355' title='bbox 1391 190 1695 236; x_wconf 69' lang='lat' dir='ltr'>distinG&#39;tionem</span> <span class='ocrx_word' id='word_1_356' title='bbox 1726 204 1848 235; x_wconf 87' lang='lat' dir='ltr'>erunt</span> <span class='ocrx_word' id='word_1_357' title='bbox 1867 190 1989 249; x_wconf 85' lang='lat' dir='ltr'>longe</span> <span class='ocrx_word' id='word_1_358' title='bbox 2017 189 2314 251; x_wconf 85' lang='lat' dir='ltr'>promptiores;</span> 
     </span>
    </p>
   </div>
   <div class='ocr_carea' id='block_1_7' title="bbox 1272 248 2365 2203">
    <p class='ocr_par' dir='ltr' id='par_1_7' title="bbox 1272 248 2365 2203">
     <span class='ocr_line' id='line_1_58' title="bbox 1273 248 2315 307; baseline -0.001 -15"><span class='ocrx_word' id='word_1_359' title='bbox 1273 248 1478 292; x_wconf 64' lang='lat' dir='ltr'>distinetio</span> <span class='ocrx_word' id='word_1_360' title='bbox 1511 265 1608 293; x_wconf 91' lang='lat' dir='ltr'>vero</span> <span class='ocrx_word' id='word_1_361' title='bbox 1641 249 1827 293; x_wconf 90' lang='lat' dir='ltr'>subtilior</span> <span class='ocrx_word' id='word_1_362' title='bbox 1851 253 2191 307; x_wconf 86' lang='lat' dir='ltr'>tenebraspotius</span> <span class='ocrx_word' id='word_1_363' title='bbox 2207 248 2315 292; x_wconf 90' lang='lat' dir='ltr'>mul-</span> 
     </span>
     <span class='ocr_line' id='line_1_59' title="bbox 1276 305 2315 366; baseline 0.001 -18"><span class='ocrx_word' id='word_1_364' title='bbox 1276 305 1539 361; x_wconf 87' lang='lat' dir='ltr'>tiplicatione.</span> <span class='ocrx_word' id='word_1_365' title='bbox 1573 306 1766 366; x_wconf 67' lang='lat' dir='ltr'>partium</span> <span class='ocrx_word' id='word_1_366' title='bbox 1796 306 1955 351; x_wconf 84' lang='lat' dir='ltr'>inducit</span> <span class='ocrx_word' id='word_1_367' title='bbox 1989 339 2002 360; x_wconf 83' lang='lat'>,</span> <span class='ocrx_word' id='word_1_368' title='bbox 2040 308 2165 364; x_wconf 89' lang='lat' dir='ltr'>iisque</span> <span class='ocrx_word' id='word_1_369' title='bbox 2197 320 2315 349; x_wconf 83' lang='lat' dir='ltr'>com-</span> 
     </span>
     <span class='ocr_line' id='line_1_60' title="bbox 1275 363 2314 409; baseline 0 -3"><span class='ocrx_word' id='word_1_370' title='bbox 1275 363 1512 408; x_wconf 85' lang='lat' dir='ltr'>minuendis</span> <span class='ocrx_word' id='word_1_371' title='bbox 1555 379 1617 408; x_wconf 85' lang='lat' dir='ltr'>res</span> <span class='ocrx_word' id='word_1_372' title='bbox 1659 363 1789 407; x_wconf 88' lang='lat' dir='ltr'>oculis</span> <span class='ocrx_word' id='word_1_373' title='bbox 1823 363 2022 408; x_wconf 87' lang='lat' dir='ltr'>subtrahit</span> <span class='ocrx_word' id='word_1_374' title='bbox 2047 368 2063 409; x_wconf 75' lang='grc' dir='ltr'><strong><em>ἓ</em></strong></span> <span class='ocrx_word' id='word_1_375' title='bbox 2093 365 2170 409; x_wconf 89' lang='lat' dir='ltr'>Sed</span> <span class='ocrx_word' id='word_1_376' title='bbox 2200 363 2314 408; x_wconf 88' lang='lat' dir='ltr'>locos</span> 
     </span>
     <span class='ocr_line' id='line_1_61' title="bbox 1274 420 2364 478; baseline 0 -15"><span class='ocrx_word' id='word_1_377' title='bbox 1274 420 1357 472; x_wconf 86' lang='lat' dir='ltr'>jam</span> <span class='ocrx_word' id='word_1_378' title='bbox 1408 421 1618 466; x_wconf 85' lang='lat' dir='ltr'>subeamus</span> <span class='ocrx_word' id='word_1_379' title='bbox 1663 433 2004 478; x_wconf 87' lang='lat' dir='ltr'>argumentorum</span> <span class='ocrx_word' id='word_1_380' title='bbox 2033 453 2046 476; x_wconf 88' lang='lat'>‚</span> <span class='ocrx_word' id='word_1_381' title='bbox 2093 437 2195 478; x_wconf 91' lang='lat' dir='ltr'>quos</span> <span class='ocrx_word' id='word_1_382' title='bbox 2227 435 2314 464; x_wconf 89' lang='lat' dir='ltr'>non</span> <span class='ocrx_word' id='word_1_383' title='bbox 2360 438 2364 442; x_wconf 84' lang='lat'><strong>·</strong></span> 
     </span>
     <span class='ocr_line' id='line_1_62' title="bbox 1277 477 2316 534; baseline 0 -13"><span class='ocrx_word' id='word_1_384' title='bbox 1277 478 1479 522; x_wconf 84' lang='lat' dir='ltr'>Rhetores</span> <span class='ocrx_word' id='word_1_385' title='bbox 1521 478 1644 522; x_wconf 90' lang='lat' dir='ltr'>modo</span> <span class='ocrx_word' id='word_1_386' title='bbox 1675 479 1841 534; x_wconf 61' lang='lat' dir='ltr'>quaestus</span> <span class='ocrx_word' id='word_1_387' title='bbox 1875 480 1989 522; x_wconf 89' lang='lat' dir='ltr'>causa</span> <span class='ocrx_word' id='word_1_388' title='bbox 2023 509 2036 533; x_wconf 89' lang='lat'>‚</span> <span class='ocrx_word' id='word_1_389' title='bbox 2070 478 2132 522; x_wconf 89' lang='lat' dir='ltr'>sed</span> <span class='ocrx_word' id='word_1_390' title='bbox 2160 479 2204 523; x_wconf 89' lang='lat'>&amp;</span> <span class='ocrx_word' id='word_1_391' title='bbox 2235 477 2316 521; x_wconf 84' lang='lat' dir='ltr'>Ci-</span> 
     </span>
     <span class='ocr_line' id='line_1_63' title="bbox 1274 536 2311 583; baseline 0.002 -4"><span class='ocrx_word' id='word_1_392' title='bbox 1274 551 1367 579; x_wconf 87' lang='lat' dir='ltr'>cero</span> <span class='ocrx_word' id='word_1_393' title='bbox 1408 536 1583 580; x_wconf 88' lang='lat' dir='ltr'>Senator</span> <span class='ocrx_word' id='word_1_394' title='bbox 1627 538 1842 580; x_wconf 86' lang='lat' dir='ltr'>Romanus</span> <span class='ocrx_word' id='word_1_395' title='bbox 1871 536 1916 580; x_wconf 72' lang='grc' dir='ltr'>δι</span> <span class='ocrx_word' id='word_1_396' title='bbox 1946 536 2077 583; x_wconf 85' lang='lat' dir='ltr'>homo</span> <span class='ocrx_word' id='word_1_397' title='bbox 2105 536 2311 581; x_wconf 85' lang='lat' dir='ltr'>Consula-</span> 
     </span>
     <span class='ocr_line' id='line_1_64' title="bbox 1275 592 2318 646; baseline 0.002 -11"><span class='ocrx_word' id='word_1_398' title='bbox 1275 593 1328 636; x_wconf 88' lang='lat' dir='ltr'>ris</span> <span class='ocrx_word' id='word_1_399' title='bbox 1371 593 1476 636; x_wconf 88' lang='lat' dir='ltr'>tanti</span> <span class='ocrx_word' id='word_1_400' title='bbox 1522 593 1655 646; x_wconf 80' lang='lat' dir='ltr'>fecit,</span> <span class='ocrx_word' id='word_1_401' title='bbox 1700 607 1746 638; x_wconf 90' lang='lat' dir='ltr'>ut</span> <span class='ocrx_word' id='word_1_402' title='bbox 1792 592 1944 637; x_wconf 87' lang='lat' dir='ltr'>librum</span> <span class='ocrx_word' id='word_1_403' title='bbox 1976 594 2026 638; x_wconf 89' lang='lat' dir='ltr'>de</span> <span class='ocrx_word' id='word_1_404' title='bbox 2058 594 2105 639; x_wconf 88' lang='lat' dir='ltr'>iis</span> <span class='ocrx_word' id='word_1_405' title='bbox 2135 595 2318 639; x_wconf 86' lang='lat' dir='ltr'>conscri-</span> 
     </span>
     <span class='ocr_line' id='line_1_65' title="bbox 1274 650 2312 707; baseline 0.005 -14"><span class='ocrx_word' id='word_1_406' title='bbox 1274 650 1396 706; x_wconf 90' lang='lat' dir='ltr'>pserit</span> <span class='ocrx_word' id='word_1_407' title='bbox 1444 651 1492 694; x_wconf 87' lang='lat' dir='ltr'>ad</span> <span class='ocrx_word' id='word_1_408' title='bbox 1535 651 1784 698; x_wconf 84' lang='lat' dir='ltr'>Trebatium</span> <span class='ocrx_word' id='word_1_409' title='bbox 1817 666 1831 704; x_wconf 78' lang='lat'>3</span> <span class='ocrx_word' id='word_1_410' title='bbox 1879 652 1997 695; x_wconf 89' lang='lat' dir='ltr'>credo</span> <span class='ocrx_word' id='word_1_411' title='bbox 2028 684 2042 706; x_wconf 87' lang='lat'>,</span> <span class='ocrx_word' id='word_1_412' title='bbox 2072 664 2117 695; x_wconf 91' lang='lat' dir='ltr'>ut</span> <span class='ocrx_word' id='word_1_413' title='bbox 2150 662 2312 707; x_wconf 79' lang='lat' dir='ltr'>tempus</span> 
     </span>
     <span class='ocr_line' id='line_1_66' title="bbox 1273 707 2365 767; baseline 0.004 -16"><span class='ocrx_word' id='word_1_414' title='bbox 1273 709 1318 751; x_wconf 91' lang='lat' dir='ltr'>in</span> <span class='ocrx_word' id='word_1_415' title='bbox 1350 708 1407 752; x_wconf 84' lang='lat' dir='ltr'>eis</span> <span class='ocrx_word' id='word_1_416' title='bbox 1438 708 1684 752; x_wconf 84' lang='lat' dir='ltr'>addiscendis</span> <span class='ocrx_word' id='word_1_417' title='bbox 1713 707 1892 764; x_wconf 80' lang='lat' dir='ltr'>positum</span> <span class='ocrx_word' id='word_1_418' title='bbox 1927 708 2152 754; x_wconf 85' lang='lat' dir='ltr'>lucraretur</span> <span class='ocrx_word' id='word_1_419' title='bbox 2175 740 2184 751; x_wconf 92' lang='lat'>.</span> <span class='ocrx_word' id='word_1_420' title='bbox 2215 713 2311 767; x_wconf 83' lang='lat' dir='ltr'>Age</span> <span class='ocrx_word' id='word_1_421' title='bbox 2360 725 2365 730; x_wconf 90' lang='grc'><strong>’</strong></span> 
     </span>
     <span class='ocr_line' id='line_1_67' title="bbox 1275 765 2311 822; baseline 0.001 -13"><span class='ocrx_word' id='word_1_422' title='bbox 1275 765 1438 822; x_wconf 73' lang='lat' dir='ltr'>itaque,</span> <span class='ocrx_word' id='word_1_423' title='bbox 1471 781 1572 809; x_wconf 92' lang='lat' dir='ltr'>num</span> <span class='ocrx_word' id='word_1_424' title='bbox 1607 766 1665 819; x_wconf 89' lang='lat' dir='ltr'>is,</span> <span class='ocrx_word' id='word_1_425' title='bbox 1697 766 1768 821; x_wconf 89' lang='lat' dir='ltr'>qui</span> <span class='ocrx_word' id='word_1_426' title='bbox 1803 766 1898 808; x_wconf 88' lang='lat' dir='ltr'>sciat</span> <span class='ocrx_word' id='word_1_427' title='bbox 1927 767 2195 812; x_wconf 85' lang='lat' dir='ltr'>donationem</span> <span class='ocrx_word' id='word_1_428' title='bbox 2214 782 2311 811; x_wconf 88' lang='lat' dir='ltr'>cau-</span> 
     </span>
     <span class='ocr_line' id='line_1_68' title="bbox 1275 822 2309 883; baseline 0.006 -18"><span class='ocrx_word' id='word_1_429' title='bbox 1275 823 1312 866; x_wconf 89' lang='lat' dir='ltr'>sa</span> <span class='ocrx_word' id='word_1_430' title='bbox 1356 824 1503 867; x_wconf 87' lang='lat' dir='ltr'>mortis</span> <span class='ocrx_word' id='word_1_431' title='bbox 1547 822 1687 868; x_wconf 88' lang='lat' dir='ltr'>referri</span> <span class='ocrx_word' id='word_1_432' title='bbox 1731 824 1779 867; x_wconf 86' lang='lat' dir='ltr'>ad</span> <span class='ocrx_word' id='word_1_433' title='bbox 1822 823 1987 868; x_wconf 88' lang='lat' dir='ltr'>ultimas</span> <span class='ocrx_word' id='word_1_434' title='bbox 2033 824 2309 883; x_wconf 87' lang='lat' dir='ltr'>voluntates,</span> 
     </span>
     <span class='ocr_line' id='line_1_69' title="bbox 1274 880 2302 940; baseline 0.004 -17"><span class='ocrx_word' id='word_1_435' title='bbox 1274 881 1441 936; x_wconf 91' lang='lat' dir='ltr'>probare</span> <span class='ocrx_word' id='word_1_436' title='bbox 1474 896 1556 924; x_wconf 88' lang='lat' dir='ltr'>non</span> <span class='ocrx_word' id='word_1_437' title='bbox 1591 880 1739 936; x_wconf 89' lang='lat' dir='ltr'>poterit</span> <span class='ocrx_word' id='word_1_438' title='bbox 1768 896 1858 924; x_wconf 88' lang='lat' dir='ltr'>eam</span> <span class='ocrx_word' id='word_1_439' title='bbox 1891 880 1965 925; x_wconf 83' lang='lat' dir='ltr'>effe</span> <span class='ocrx_word' id='word_1_440' title='bbox 1999 883 2302 940; x_wconf 87' lang='lat' dir='ltr'>revocabilem,</span> 
     </span>
     <span class='ocr_line' id='line_1_70' title="bbox 1275 937 2311 998; baseline 0.005 -18"><span class='ocrx_word' id='word_1_441' title='bbox 1275 937 1349 981; x_wconf 79' lang='lat' dir='ltr'>nisi</span> <span class='ocrx_word' id='word_1_442' title='bbox 1377 954 1400 982; x_wconf 88' lang='lat' dir='ltr'>a</span> <span class='ocrx_word' id='word_1_443' title='bbox 1432 938 1686 995; x_wconf 87' lang='lat' dir='ltr'>nugigerulis</span> <span class='ocrx_word' id='word_1_444' title='bbox 1718 939 1861 982; x_wconf 89' lang='lat' dir='ltr'>nostris</span> <span class='ocrx_word' id='word_1_445' title='bbox 1890 939 2103 998; x_wconf 75' lang='lat' dir='ltr'>didicerit,</span> <span class='ocrx_word' id='word_1_446' title='bbox 2134 941 2311 994; x_wconf 85' lang='lat' dir='ltr'>omnia,</span> 
     </span>
     <span class='ocr_line' id='line_1_71' title="bbox 1272 996 2308 1053; baseline 0.004 -15"><span class='ocrx_word' id='word_1_447' title='bbox 1272 1010 1361 1053; x_wconf 82' lang='lat' dir='ltr'>quae</span> <span class='ocrx_word' id='word_1_448' title='bbox 1409 996 1666 1039; x_wconf 88' lang='lat' dir='ltr'>conveniunt</span> <span class='ocrx_word' id='word_1_449' title='bbox 1698 996 1835 1051; x_wconf 84' lang='lat' dir='ltr'>generi</span> <span class='ocrx_word' id='word_1_450' title='bbox 1872 996 2012 1051; x_wconf 82' lang='lat' dir='ltr'>speciei</span> <span class='ocrx_word' id='word_1_451' title='bbox 2046 998 2174 1042; x_wconf 88' lang='lat' dir='ltr'>etiam</span> <span class='ocrx_word' id='word_1_452' title='bbox 2207 1014 2308 1043; x_wconf 88' lang='lat' dir='ltr'>con-</span> 
     </span>
     <span class='ocr_line' id='line_1_72' title="bbox 1275 1052 2314 1109; baseline 0.003 -13"><span class='ocrx_word' id='word_1_453' title='bbox 1275 1052 1414 1097; x_wconf 87' lang='lat' dir='ltr'>venire</span> <span class='ocrx_word' id='word_1_454' title='bbox 1444 1069 1456 1106; x_wconf 88' lang='lat'>;</span> <span class='ocrx_word' id='word_1_455' title='bbox 1501 1066 1791 1109; x_wconf 86' lang='lat' dir='ltr'>proptereaque</span> <span class='ocrx_word' id='word_1_456' title='bbox 1822 1053 2098 1100; x_wconf 85' lang='lat' dir='ltr'>revocabilem</span> <span class='ocrx_word' id='word_1_457' title='bbox 2129 1055 2204 1099; x_wconf 81' lang='lat' dir='ltr'>effe</span> <span class='ocrx_word' id='word_1_458' title='bbox 2235 1055 2314 1099; x_wconf 91' lang='lat' dir='ltr'>do-</span> 
     </span>
     <span class='ocr_line' id='line_1_73' title="bbox 1274 1109 2310 1167; baseline 0.004 -14"><span class='ocrx_word' id='word_1_459' title='bbox 1274 1109 1489 1154; x_wconf 87' lang='lat' dir='ltr'>nationem</span> <span class='ocrx_word' id='word_1_460' title='bbox 1532 1110 1648 1155; x_wconf 86' lang='lat' dir='ltr'>causa</span> <span class='ocrx_word' id='word_1_461' title='bbox 1697 1109 1842 1154; x_wconf 83' lang='lat' dir='ltr'>mortis</span> <span class='ocrx_word' id='word_1_462' title='bbox 1869 1141 1881 1163; x_wconf 90' lang='lat'>,</span> <span class='ocrx_word' id='word_1_463' title='bbox 1923 1111 2016 1166; x_wconf 89' lang='lat' dir='ltr'>quia</span> <span class='ocrx_word' id='word_1_464' title='bbox 2066 1112 2212 1167; x_wconf 86' lang='lat' dir='ltr'>species</span> <span class='ocrx_word' id='word_1_465' title='bbox 2253 1112 2310 1157; x_wconf 86' lang='lat' dir='ltr'>est</span> 
     </span>
     <span class='ocr_line' id='line_1_74' title="bbox 1276 1167 2310 1226; baseline 0.002 -15"><span class='ocrx_word' id='word_1_466' title='bbox 1276 1167 1516 1212; x_wconf 90' lang='lat' dir='ltr'>ultimarum</span> <span class='ocrx_word' id='word_1_467' title='bbox 1549 1167 1810 1212; x_wconf 86' lang='lat' dir='ltr'>voluntatum</span> <span class='ocrx_word' id='word_1_468' title='bbox 1841 1199 1854 1222; x_wconf 88' lang='lat'>,</span> <span class='ocrx_word' id='word_1_469' title='bbox 1883 1168 1990 1224; x_wconf 90' lang='lat' dir='ltr'>quod</span> <span class='ocrx_word' id='word_1_470' title='bbox 2022 1185 2148 1212; x_wconf 89' lang='lat' dir='ltr'>omne</span> <span class='ocrx_word' id='word_1_471' title='bbox 2181 1180 2310 1226; x_wconf 82' lang='lat' dir='ltr'>genus</span> 
     </span>
     <span class='ocr_line' id='line_1_75' title="bbox 1275 1224 2309 1282; baseline 0.001 -12"><span class='ocrx_word' id='word_1_472' title='bbox 1275 1226 1328 1270; x_wconf 86' lang='lat' dir='ltr'>est</span> <span class='ocrx_word' id='word_1_473' title='bbox 1359 1224 1612 1270; x_wconf 78' lang='lat' dir='ltr'>revocabile?</span> <span class='ocrx_word' id='word_1_474' title='bbox 1646 1225 1753 1282; x_wconf 83' lang='lat' dir='ltr'>quasi</span> <span class='ocrx_word' id='word_1_475' title='bbox 1788 1240 1872 1267; x_wconf 90' lang='lat' dir='ltr'>non</span> <span class='ocrx_word' id='word_1_476' title='bbox 1906 1225 1997 1268; x_wconf 87' lang='lat' dir='ltr'>satis</span> <span class='ocrx_word' id='word_1_477' title='bbox 2028 1225 2148 1271; x_wconf 86' lang='lat' dir='ltr'>fuerit</span> <span class='ocrx_word' id='word_1_478' title='bbox 2172 1242 2309 1272; x_wconf 89' lang='lat' dir='ltr'>enun-</span> 
     </span>
     <span class='ocr_line' id='line_1_76' title="bbox 1276 1282 2310 1341; baseline 0.002 -15"><span class='ocrx_word' id='word_1_479' title='bbox 1276 1283 1428 1327; x_wconf 90' lang='lat' dir='ltr'>ciatum</span> <span class='ocrx_word' id='word_1_480' title='bbox 1452 1314 1464 1338; x_wconf 92' lang='lat'><strong>‚</strong></span> <span class='ocrx_word' id='word_1_481' title='bbox 1505 1299 1554 1328; x_wconf 80' lang='lat' dir='ltr'>ex</span> <span class='ocrx_word' id='word_1_482' title='bbox 1604 1282 1688 1335; x_wconf 83' lang='lat' dir='ltr'>jure</span> <span class='ocrx_word' id='word_1_483' title='bbox 1724 1282 1822 1326; x_wconf 90' lang='lat' dir='ltr'>illud</span> <span class='ocrx_word' id='word_1_484' title='bbox 1855 1282 2064 1332; x_wconf 73' lang='lat' dir='ltr'>assumsisse</span> <span class='ocrx_word' id='word_1_485' title='bbox 2090 1315 2102 1339; x_wconf 95' lang='lat'>,</span> <span class='ocrx_word' id='word_1_486' title='bbox 2134 1300 2215 1341; x_wconf 92' lang='lat' dir='ltr'>quo</span> <span class='ocrx_word' id='word_1_487' title='bbox 2248 1296 2310 1329; x_wconf 82' lang='lat' dir='ltr'>to-</span> 
     </span>
     <span class='ocr_line' id='line_1_77' title="bbox 1276 1340 2307 1397; baseline 0.003 -14"><span class='ocrx_word' id='word_1_488' title='bbox 1276 1353 1364 1385; x_wconf 87' lang='lat' dir='ltr'>tum</span> <span class='ocrx_word' id='word_1_489' title='bbox 1410 1353 1703 1397; x_wconf 84' lang='lat' dir='ltr'>argumentum</span> <span class='ocrx_word' id='word_1_490' title='bbox 1750 1341 1829 1384; x_wconf 83' lang='lat' dir='ltr'>sine</span> <span class='ocrx_word' id='word_1_491' title='bbox 1864 1340 1946 1383; x_wconf 76' lang='lat' dir='ltr'>ulla</span> <span class='ocrx_word' id='word_1_492' title='bbox 1981 1357 2055 1397; x_wconf 90' lang='lat' dir='ltr'>ope</span> <span class='ocrx_word' id='word_1_493' title='bbox 2086 1342 2307 1386; x_wconf 61' lang='lat' dir='ltr'>dialecticae</span> 
     </span>
     <span class='ocr_line' id='line_1_78' title="bbox 1276 1397 2309 1450; baseline 0.002 -9"><span class='ocrx_word' id='word_1_494' title='bbox 1276 1397 1547 1442; x_wconf 83' lang='lat' dir='ltr'>concludatur</span> <span class='ocrx_word' id='word_1_495' title='bbox 1572 1429 1582 1442; x_wconf 90' lang='lat'><strong>.</strong></span> <span class='ocrx_word' id='word_1_496' title='bbox 1628 1398 1820 1443; x_wconf 87' lang='lat' dir='ltr'>Tandem</span> <span class='ocrx_word' id='word_1_497' title='bbox 1866 1410 1909 1441; x_wconf 87' lang='lat' dir='ltr'>ut</span> <span class='ocrx_word' id='word_1_498' title='bbox 1951 1398 2000 1440; x_wconf 91' lang='lat' dir='ltr'>ad</span> <span class='ocrx_word' id='word_1_499' title='bbox 2030 1398 2227 1450; x_wconf 78' lang='lat' dir='ltr'>judicium</span> <span class='ocrx_word' id='word_1_500' title='bbox 2259 1399 2309 1444; x_wconf 82' lang='lat' dir='ltr'>de</span> 
     </span>
     <span class='ocr_line' id='line_1_79' title="bbox 1276 1454 2313 1508; baseline 0.003 -11"><span class='ocrx_word' id='word_1_501' title='bbox 1276 1471 1373 1499; x_wconf 87' lang='lat' dir='ltr'>vero</span> <span class='ocrx_word' id='word_1_502' title='bbox 1404 1457 1447 1498; x_wconf 74' lang='grc' dir='ltr'>δε</span> <span class='ocrx_word' id='word_1_503' title='bbox 1481 1456 1580 1499; x_wconf 87' lang='lat' dir='ltr'>falso</span> <span class='ocrx_word' id='word_1_504' title='bbox 1612 1457 1825 1500; x_wconf 73' lang='lat' dir='ltr'>veniamus</span> <span class='ocrx_word' id='word_1_505' title='bbox 1851 1487 1863 1508; x_wconf 96' lang='lat'>,</span> <span class='ocrx_word' id='word_1_506' title='bbox 1906 1454 2021 1505; x_wconf 79' lang='lat' dir='ltr'>cujus</span> <span class='ocrx_word' id='word_1_507' title='bbox 2051 1456 2216 1500; x_wconf 89' lang='lat' dir='ltr'>eruendi</span> <span class='ocrx_word' id='word_1_508' title='bbox 2251 1455 2313 1500; x_wconf 85' lang='lat' dir='ltr'>fa-</span> 
     </span>
     <span class='ocr_line' id='line_1_80' title="bbox 1275 1512 2310 1570; baseline 0.001 -14"><span class='ocrx_word' id='word_1_509' title='bbox 1275 1514 1473 1556; x_wconf 87' lang='lat' dir='ltr'>cultatem</span> <span class='ocrx_word' id='word_1_510' title='bbox 1521 1513 1591 1557; x_wconf 81' lang='lat' dir='ltr'>fibi</span> <span class='ocrx_word' id='word_1_511' title='bbox 1638 1529 1716 1570; x_wconf 85' lang='lat' dir='ltr'>prae</span> <span class='ocrx_word' id='word_1_512' title='bbox 1758 1512 1902 1557; x_wconf 85' lang='lat' dir='ltr'>ceteris</span> <span class='ocrx_word' id='word_1_513' title='bbox 1934 1517 2129 1568; x_wconf 83' lang='lat' dir='ltr'>adrogant</span> <span class='ocrx_word' id='word_1_514' title='bbox 2161 1513 2310 1569; x_wconf 83' lang='lat' dir='ltr'>praesti-</span> 
     </span>
     <span class='ocr_line' id='line_1_81' title="bbox 1277 1570 2308 1626; baseline 0.001 -13"><span class='ocrx_word' id='word_1_515' title='bbox 1277 1570 1453 1625; x_wconf 85' lang='lat' dir='ltr'>giatores</span> <span class='ocrx_word' id='word_1_516' title='bbox 1501 1571 1559 1614; x_wconf 85' lang='lat' dir='ltr'>isti</span> <span class='ocrx_word' id='word_1_517' title='bbox 1589 1602 1602 1625; x_wconf 91' lang='lat'>‚</span> <span class='ocrx_word' id='word_1_518' title='bbox 1639 1587 1719 1626; x_wconf 70' lang='lat' dir='ltr'>sper</span> <span class='ocrx_word' id='word_1_519' title='bbox 1751 1571 1841 1614; x_wconf 88' lang='lat' dir='ltr'>illas</span> <span class='ocrx_word' id='word_1_520' title='bbox 1873 1573 2046 1615; x_wconf 85' lang='lat' dir='ltr'>trutinas</span> <span class='ocrx_word' id='word_1_521' title='bbox 2078 1571 2260 1615; x_wconf 88' lang='lat' dir='ltr'>veritatis</span> <span class='ocrx_word' id='word_1_522' title='bbox 2291 1599 2308 1623; x_wconf 71' lang='lat'><em>5</em></span> 
     </span>
     <span class='ocr_line' id='line_1_82' title="bbox 1275 1628 2314 1687; baseline 0 -15"><span class='ocrx_word' id='word_1_523' title='bbox 1275 1644 1375 1685; x_wconf 83' lang='lat' dir='ltr'>quos</span> <span class='ocrx_word' id='word_1_524' title='bbox 1391 1628 1532 1672; x_wconf 89' lang='lat' dir='ltr'>modos</span> <span class='ocrx_word' id='word_1_525' title='bbox 1547 1641 1885 1687; x_wconf 72' lang='lat' dir='ltr'>argumentorum</span> <span class='ocrx_word' id='word_1_526' title='bbox 1903 1629 2114 1685; x_wconf 81' lang='lat' dir='ltr'>appellant</span> <span class='ocrx_word' id='word_1_527' title='bbox 2130 1660 2139 1671; x_wconf 89' lang='lat'>.</span> <span class='ocrx_word' id='word_1_528' title='bbox 2175 1630 2314 1672; x_wconf 86' lang='lat' dir='ltr'>Nem-</span> 
     </span>
     <span class='ocr_line' id='line_1_83' title="bbox 1276 1685 2308 1742; baseline 0 -13"><span class='ocrx_word' id='word_1_529' title='bbox 1276 1702 1324 1742; x_wconf 91' lang='lat' dir='ltr'>pe</span> <span class='ocrx_word' id='word_1_530' title='bbox 1375 1702 1444 1742; x_wconf 86' lang='lat' dir='ltr'>per</span> <span class='ocrx_word' id='word_1_531' title='bbox 1486 1687 1665 1730; x_wconf 85' lang='lat' dir='ltr'>monstra</span> <span class='ocrx_word' id='word_1_532' title='bbox 1707 1685 1780 1730; x_wconf 86' lang='lat' dir='ltr'>illa</span> <span class='ocrx_word' id='word_1_533' title='bbox 1812 1687 2029 1731; x_wconf 86' lang='lat' dir='ltr'>verborum</span> <span class='ocrx_word' id='word_1_534' title='bbox 2067 1685 2308 1742; x_wconf 86' lang='lat' dir='ltr'>perterrefa-</span> 
     </span>
     <span class='ocr_line' id='line_1_84' title="bbox 1276 1743 2307 1800; baseline -0.001 -13"><span class='ocrx_word' id='word_1_535' title='bbox 1276 1744 1429 1787; x_wconf 89' lang='lat' dir='ltr'>ciendis</span> <span class='ocrx_word' id='word_1_536' title='bbox 1461 1744 1591 1800; x_wconf 87' lang='lat' dir='ltr'>pueris</span> <span class='ocrx_word' id='word_1_537' title='bbox 1623 1744 1795 1787; x_wconf 83' lang='lat' dir='ltr'>inventa</span> <span class='ocrx_word' id='word_1_538' title='bbox 1828 1775 1840 1797; x_wconf 90' lang='lat'>,</span> <span class='ocrx_word' id='word_1_539' title='bbox 1873 1744 2043 1787; x_wconf 70' lang='lat' dir='ltr'>barbara</span> <span class='ocrx_word' id='word_1_540' title='bbox 2066 1775 2077 1797; x_wconf 89' lang='lat'>,</span> <span class='ocrx_word' id='word_1_541' title='bbox 2111 1743 2262 1787; x_wconf 86' lang='lat' dir='ltr'>scilicet</span> <span class='ocrx_word' id='word_1_542' title='bbox 2292 1774 2307 1795; x_wconf 88' lang='lat'>‚</span> 
     </span>
     <span class='ocr_line' id='line_1_85' title="bbox 1276 1799 2308 1858; baseline 0 -15"><span class='ocrx_word' id='word_1_543' title='bbox 1276 1803 1445 1844; x_wconf 78' lang='lat' dir='ltr'>celarent</span> <span class='ocrx_word' id='word_1_544' title='bbox 1473 1832 1485 1854; x_wconf 90' lang='lat'><strong>‚</strong></span> <span class='ocrx_word' id='word_1_545' title='bbox 1521 1800 1701 1858; x_wconf 85' lang='lat' dir='ltr'>felapton</span> <span class='ocrx_word' id='word_1_546' title='bbox 1725 1832 1738 1854; x_wconf 91' lang='lat'>,</span> <span class='ocrx_word' id='word_1_547' title='bbox 1765 1799 1915 1855; x_wconf 84' lang='lat' dir='ltr'>ferison</span> <span class='ocrx_word' id='word_1_548' title='bbox 1939 1833 1951 1854; x_wconf 86' lang='lat'>‚</span> <span class='ocrx_word' id='word_1_549' title='bbox 1994 1801 2038 1846; x_wconf 72' lang='grc' dir='ltr'>ἃ</span> <span class='ocrx_word' id='word_1_550' title='bbox 2068 1801 2244 1844; x_wconf 76' lang='lat' dir='ltr'>similia:</span> <span class='ocrx_word' id='word_1_551' title='bbox 2279 1799 2308 1843; x_wconf 86' lang='lat' dir='ltr'>fi</span> 
     </span>
     <span class='ocr_line' id='line_1_86' title="bbox 1275 1857 2304 1911; baseline -0.001 -10"><span class='ocrx_word' id='word_1_552' title='bbox 1275 1858 1419 1902; x_wconf 90' lang='lat' dir='ltr'>Titius</span> <span class='ocrx_word' id='word_1_553' title='bbox 1451 1858 1634 1902; x_wconf 87' lang='lat' dir='ltr'>moriens</span> <span class='ocrx_word' id='word_1_554' title='bbox 1665 1870 1832 1903; x_wconf 86' lang='lat' dir='ltr'>centurn</span> <span class='ocrx_word' id='word_1_555' title='bbox 1865 1858 2037 1902; x_wconf 86' lang='lat' dir='ltr'>habebat</span> <span class='ocrx_word' id='word_1_556' title='bbox 2070 1859 2112 1902; x_wconf 91' lang='lat' dir='ltr'>in</span> <span class='ocrx_word' id='word_1_557' title='bbox 2148 1857 2264 1901; x_wconf 83' lang='lat' dir='ltr'>bonis</span> <span class='ocrx_word' id='word_1_558' title='bbox 2289 1887 2304 1911; x_wconf 91' lang='lat'>,</span> 
     </span>
     <span class='ocr_line' id='line_1_87' title="bbox 1275 1914 2307 1971; baseline -0.001 -12"><span class='ocrx_word' id='word_1_559' title='bbox 1275 1916 1383 1960; x_wconf 89' lang='lat' dir='ltr'>adita</span> <span class='ocrx_word' id='word_1_560' title='bbox 1415 1932 1510 1960; x_wconf 92' lang='lat' dir='ltr'>vero</span> <span class='ocrx_word' id='word_1_561' title='bbox 1535 1916 1760 1960; x_wconf 71' lang='lat' dir='ltr'>hereditate.</span> <span class='ocrx_word' id='word_1_562' title='bbox 1789 1915 2201 1971; x_wconf 81' lang='lat' dir='ltr'>reperiatur-minus,</span> <span class='ocrx_word' id='word_1_563' title='bbox 2233 1914 2307 1959; x_wconf 89' lang='lat' dir='ltr'>he-</span> 
     </span>
     <span class='ocr_line' id='line_1_88' title="bbox 1278 1972 2306 2030; baseline -0.002 -13"><span class='ocrx_word' id='word_1_564' title='bbox 1278 1974 1415 2030; x_wconf 89' lang='lat' dir='ltr'>resque</span> <span class='ocrx_word' id='word_1_565' title='bbox 1461 1974 1605 2030; x_wconf 81' lang='lat' dir='ltr'>legatis</span> <span class='ocrx_word' id='word_1_566' title='bbox 1636 1987 1828 2017; x_wconf 86' lang='lat' dir='ltr'>oneratus</span> <span class='ocrx_word' id='word_1_567' title='bbox 1862 1973 1962 2018; x_wconf 87' lang='lat' dir='ltr'>velit</span> <span class='ocrx_word' id='word_1_568' title='bbox 1993 1989 2038 2017; x_wconf 88' lang='lat' dir='ltr'>ea</span> <span class='ocrx_word' id='word_1_569' title='bbox 2071 1989 2143 2029; x_wconf 88' lang='lat' dir='ltr'>pro</span> <span class='ocrx_word' id='word_1_570' title='bbox 2173 1972 2306 2017; x_wconf 85' lang='lat' dir='ltr'>demi·</span> 
     </span>
     <span class='ocr_line' id='line_1_89' title="bbox 1278 2030 2307 2087; baseline -0.003 -12"><span class='ocrx_word' id='word_1_571' title='bbox 1278 2045 1378 2075; x_wconf 87' lang='lat' dir='ltr'>nuta</span> <span class='ocrx_word' id='word_1_572' title='bbox 1422 2046 1533 2087; x_wconf 90' lang='lat' dir='ltr'>parte</span> <span class='ocrx_word' id='word_1_573' title='bbox 1576 2032 1813 2075; x_wconf 79' lang='lat' dir='ltr'>deminuere</span> <span class='ocrx_word' id='word_1_574' title='bbox 1845 2033 2166 2087; x_wconf 73' lang='lat' dir='ltr'>repugnantibus</span> <span class='ocrx_word' id='word_1_575' title='bbox 2199 2030 2307 2086; x_wconf 87' lang='lat' dir='ltr'>lega-</span> 
     </span>
     <span class='ocr_line' id='line_1_90' title="bbox 1278 2087 2306 2142; baseline -0.001 -11"><span class='ocrx_word' id='word_1_576' title='bbox 1278 2089 1428 2142; x_wconf 88' lang='lat' dir='ltr'>tariis;</span> <span class='ocrx_word' id='word_1_577' title='bbox 1474 2104 1612 2133; x_wconf 86' lang='lat' dir='ltr'>nonne</span> <span class='ocrx_word' id='word_1_578' title='bbox 1656 2089 1745 2132; x_wconf 79' lang='lat' dir='ltr'>satis</span> <span class='ocrx_word' id='word_1_579' title='bbox 1788 2088 1864 2132; x_wconf 88' lang='lat' dir='ltr'>erit</span> <span class='ocrx_word' id='word_1_580' title='bbox 1898 2089 2042 2133; x_wconf 88' lang='lat' dir='ltr'>habere</span> <span class='ocrx_word' id='word_1_581' title='bbox 2076 2106 2098 2132; x_wconf 86' lang='lat' dir='ltr'>a</span> <span class='ocrx_word' id='word_1_582' title='bbox 2135 2087 2306 2132; x_wconf 84' lang='lat' dir='ltr'>scicntia</span> 
     </span>
     <span class='ocr_line' id='line_1_91' title="bbox 1277 2146 2312 2203; baseline -0.002 -13"><span class='ocrx_word' id='word_1_583' title='bbox 1277 2146 1375 2198; x_wconf 81' lang='lat' dir='ltr'>juris</span> <span class='ocrx_word' id='word_1_584' title='bbox 1419 2146 1606 2203; x_wconf 86' lang='lat' dir='ltr'>regulam</span> <span class='ocrx_word' id='word_1_585' title='bbox 1651 2146 1766 2190; x_wconf 89' lang='lat' dir='ltr'>illam</span> <span class='ocrx_word' id='word_1_586' title='bbox 1791 2177 1803 2199; x_wconf 90' lang='lat'>,</span> <span class='ocrx_word' id='word_1_587' title='bbox 1850 2162 1938 2202; x_wconf 90' lang='lat' dir='ltr'>quae</span> <span class='ocrx_word' id='word_1_588' title='bbox 1981 2146 2101 2189; x_wconf 85' lang='lat' dir='ltr'>tradit</span> <span class='ocrx_word' id='word_1_589' title='bbox 2136 2146 2179 2188; x_wconf 90' lang='lat' dir='ltr'>in</span> <span class='ocrx_word' id='word_1_590' title='bbox 2211 2146 2312 2188; x_wconf 81' lang='lat' dir='ltr'>defi-</span> 
     </span>
    </p>
   </div>
   <div class='ocr_carea' id='block_1_8' title="bbox 1262 2200 2309 2261">
    <p class='ocr_par' dir='ltr' id='par_1_8' title="bbox 1262 2200 2309 2261">
     <span class='ocr_line' id='line_1_92' title="bbox 1262 2200 2309 2261; baseline -0.002 -15"><span class='ocrx_word' id='word_1_591' title='bbox 1262 2204 1428 2248; x_wconf 85' lang='lat' dir='ltr'>-nienda</span> <span class='ocrx_word' id='word_1_592' title='bbox 1469 2216 1612 2261; x_wconf 89' lang='lat' dir='ltr'>quarta</span> <span class='ocrx_word' id='word_1_593' title='bbox 1655 2203 1908 2259; x_wconf 64' lang='lat' dir='ltr'>speetandam</span> <span class='ocrx_word' id='word_1_594' title='bbox 1956 2204 2034 2247; x_wconf 74' lang='lat' dir='ltr'>effe</span> <span class='ocrx_word' id='word_1_595' title='bbox 2065 2200 2309 2258; x_wconf 84' lang='lat' dir='ltr'>patrimonii</span> 
     </span>
    </p>
   </div>
   <div class='ocr_carea' id='block_1_9' title="bbox 1276 2261 2312 3123">
    <p class='ocr_par' dir='ltr' id='par_1_9' title="bbox 1276 2261 2312 3123">
     <span class='ocr_line' id='line_1_93' title="bbox 1276 2261 2311 2318; baseline -0.004 -13"><span class='ocrx_word' id='word_1_596' title='bbox 1276 2263 1553 2317; x_wconf 87' lang='lat' dir='ltr'>quantitatem</span> <span class='ocrx_word' id='word_1_597' title='bbox 1581 2293 1594 2316; x_wconf 91' lang='lat'>,</span> <span class='ocrx_word' id='word_1_598' title='bbox 1635 2276 1724 2318; x_wconf 80' lang='lat' dir='ltr'>quae</span> <span class='ocrx_word' id='word_1_599' title='bbox 1767 2261 1938 2317; x_wconf 82' lang='lat' dir='ltr'>superest</span> <span class='ocrx_word' id='word_1_600' title='bbox 1983 2275 2165 2316; x_wconf 86' lang='lat' dir='ltr'>tempore</span> <span class='ocrx_word' id='word_1_601' title='bbox 2198 2275 2311 2302; x_wconf 88' lang='lat' dir='ltr'>mor-</span> 
     </span>
     <span class='ocr_line' id='line_1_94' title="bbox 1279 2316 2309 2375; baseline -0.002 -13"><span class='ocrx_word' id='word_1_602' title='bbox 1279 2321 1330 2363; x_wconf 84' lang='lat' dir='ltr'>tis</span> <span class='ocrx_word' id='word_1_603' title='bbox 1365 2351 1377 2371; x_wconf 92' lang='lat'>,</span> <span class='ocrx_word' id='word_1_604' title='bbox 1439 2335 1524 2363; x_wconf 88' lang='lat' dir='ltr'>non</span> <span class='ocrx_word' id='word_1_605' title='bbox 1581 2331 1766 2375; x_wconf 82' lang='lat' dir='ltr'>tempore</span> <span class='ocrx_word' id='word_1_606' title='bbox 1809 2318 2003 2362; x_wconf 88' lang='lat' dir='ltr'>aditionis</span> <span class='ocrx_word' id='word_1_607' title='bbox 2042 2350 2055 2372; x_wconf 87' lang='lat'>,</span> <span class='ocrx_word' id='word_1_608' title='bbox 2097 2330 2146 2362; x_wconf 85' lang='lat' dir='ltr'>ut</span> <span class='ocrx_word' id='word_1_609' title='bbox 2191 2316 2309 2360; x_wconf 87' lang='lat' dir='ltr'>facile</span> 
     </span>
     <span class='ocr_line' id='line_1_95' title="bbox 1276 2375 2308 2434; baseline -0.003 -14"><span class='ocrx_word' id='word_1_610' title='bbox 1276 2376 1477 2430; x_wconf 83' lang='lat' dir='ltr'>judicetur</span> <span class='ocrx_word' id='word_1_611' title='bbox 1542 2375 1750 2434; x_wconf 86' lang='lat' dir='ltr'>legatariis</span> <span class='ocrx_word' id='word_1_612' title='bbox 1809 2376 1917 2420; x_wconf 89' lang='lat' dir='ltr'>idem</span> <span class='ocrx_word' id='word_1_613' title='bbox 1975 2375 2240 2432; x_wconf 57' lang='lat' dir='ltr'>praestandum</span> <span class='ocrx_word' id='word_1_614' title='bbox 2295 2404 2308 2428; x_wconf 93' lang='lat'><strong>‚</strong></span> 
     </span>
     <span class='ocr_line' id='line_1_96' title="bbox 1276 2432 2312 2492; baseline -0.004 -14"><span class='ocrx_word' id='word_1_615' title='bbox 1276 2435 1384 2492; x_wconf 91' lang='lat' dir='ltr'>quod</span> <span class='ocrx_word' id='word_1_616' title='bbox 1425 2434 1693 2478; x_wconf 72' lang='lat' dir='ltr'>obtinuissent</span> <span class='ocrx_word' id='word_1_617' title='bbox 1717 2466 1730 2488; x_wconf 88' lang='lat'>,</span> <span class='ocrx_word' id='word_1_618' title='bbox 1774 2432 1803 2477; x_wconf 84' lang='lat' dir='ltr'><strong>fi</strong></span> <span class='ocrx_word' id='word_1_619' title='bbox 1835 2434 1950 2478; x_wconf 86' lang='lat' dir='ltr'>heres</span> <span class='ocrx_word' id='word_1_620' title='bbox 1982 2445 2166 2489; x_wconf 85' lang='lat' dir='ltr'>tempore</span> <span class='ocrx_word' id='word_1_621' title='bbox 2198 2446 2312 2475; x_wconf 88' lang='lat' dir='ltr'>mor-</span> 
     </span>
     <span class='ocr_line' id='line_1_97' title="bbox 1277 2488 2311 2546; baseline -0.005 -10"><span class='ocrx_word' id='word_1_622' title='bbox 1277 2494 1328 2536; x_wconf 88' lang='lat' dir='ltr'>tis</span> <span class='ocrx_word' id='word_1_623' title='bbox 1361 2523 1374 2546; x_wconf 87' lang='lat'>,</span> <span class='ocrx_word' id='word_1_624' title='bbox 1435 2491 1649 2537; x_wconf 83' lang='lat' dir='ltr'>confestim</span> <span class='ocrx_word' id='word_1_625' title='bbox 1692 2490 1847 2535; x_wconf 76' lang='lat' dir='ltr'>adiisset</span> <span class='ocrx_word' id='word_1_626' title='bbox 1893 2507 1903 2533; x_wconf 80' lang='lat' dir='ltr'><strong><em>z</em></strong></span> <span class='ocrx_word' id='word_1_627' title='bbox 1953 2506 2005 2533; x_wconf 85' lang='lat' dir='ltr'>an</span> <span class='ocrx_word' id='word_1_628' title='bbox 2056 2506 2154 2534; x_wconf 84' lang='lat' dir='ltr'>vero</span> <span class='ocrx_word' id='word_1_629' title='bbox 2205 2488 2311 2541; x_wconf 79' lang='lat' dir='ltr'>judi-</span> 
     </span>
     <span class='ocr_line' id='line_1_98' title="bbox 1277 2544 2311 2602; baseline -0.006 -8"><span class='ocrx_word' id='word_1_630' title='bbox 1277 2551 1391 2595; x_wconf 88' lang='lat' dir='ltr'>cium</span> <span class='ocrx_word' id='word_1_631' title='bbox 1444 2549 1523 2593; x_wconf 86' lang='lat' dir='ltr'>hoc</span> <span class='ocrx_word' id='word_1_632' title='bbox 1573 2549 1687 2593; x_wconf 91' lang='lat' dir='ltr'>nullo</span> <span class='ocrx_word' id='word_1_633' title='bbox 1736 2547 1860 2591; x_wconf 87' lang='lat' dir='ltr'>modo</span> <span class='ocrx_word' id='word_1_634' title='bbox 1911 2548 2139 2602; x_wconf 82' lang='lat' dir='ltr'>proferetur</span> <span class='ocrx_word' id='word_1_635' title='bbox 2172 2578 2185 2600; x_wconf 92' lang='lat'>,</span> <span class='ocrx_word' id='word_1_636' title='bbox 2237 2544 2311 2588; x_wconf 80' lang='lat' dir='ltr'>nifi</span> 
     </span>
     <span class='ocr_line' id='line_1_99' title="bbox 1277 2604 2312 2662; baseline -0.006 -9"><span class='ocrx_word' id='word_1_637' title='bbox 1277 2620 1595 2662; x_wconf 85' lang='lat' dir='ltr'>contorqueatur</span> <span class='ocrx_word' id='word_1_638' title='bbox 1649 2620 1766 2649; x_wconf 87' lang='lat' dir='ltr'>arcus</span> <span class='ocrx_word' id='word_1_639' title='bbox 1823 2604 2148 2655; x_wconf 70' lang='lat' dir='ltr'>Dialefficorum</span> <span class='ocrx_word' id='word_1_640' title='bbox 2195 2636 2208 2658; x_wconf 87' lang='lat'>‚</span> <span class='ocrx_word' id='word_1_641' title='bbox 2267 2604 2312 2647; x_wconf 86' lang='lat'>&amp;</span> 
     </span>
     <span class='ocr_line' id='line_1_100' title="bbox 1277 2659 2312 2722; baseline -0.007 -13"><span class='ocrx_word' id='word_1_642' title='bbox 1277 2677 1572 2722; x_wconf 80' lang='lat' dir='ltr'>argumentum</span> <span class='ocrx_word' id='word_1_643' title='bbox 1616 2662 1854 2708; x_wconf 86' lang='lat' dir='ltr'>conferatur</span> <span class='ocrx_word' id='word_1_644' title='bbox 1903 2661 1948 2705; x_wconf 90' lang='lat' dir='ltr'>in</span> <span class='ocrx_word' id='word_1_645' title='bbox 1999 2663 2171 2718; x_wconf 82' lang='lat' dir='ltr'>figuram</span> <span class='ocrx_word' id='word_1_646' title='bbox 2217 2659 2312 2704; x_wconf 85' lang='lat' dir='ltr'>illa-</span> 
     </span>
     <span class='ocr_line' id='line_1_101' title="bbox 1278 2717 2306 2778; baseline -0.007 -11"><span class='ocrx_word' id='word_1_647' title='bbox 1278 2739 1370 2767; x_wconf 91' lang='lat' dir='ltr'>rum</span> <span class='ocrx_word' id='word_1_648' title='bbox 1417 2720 1600 2778; x_wconf 84' lang='lat' dir='ltr'>aliquam</span> <span class='ocrx_word' id='word_1_649' title='bbox 1628 2753 1640 2775; x_wconf 94' lang='lat'>,</span> <span class='ocrx_word' id='word_1_650' title='bbox 1685 2735 1774 2777; x_wconf 73' lang='lat' dir='ltr'>quae</span> <span class='ocrx_word' id='word_1_651' title='bbox 1824 2718 1950 2763; x_wconf 85' lang='lat' dir='ltr'>veluti</span> <span class='ocrx_word' id='word_1_652' title='bbox 1999 2721 2104 2777; x_wconf 54' lang='lat' dir='ltr'>pieta</span> <span class='ocrx_word' id='word_1_653' title='bbox 2155 2717 2306 2762; x_wconf 80' lang='lat' dir='ltr'>tabella</span> 
     </span>
     <span class='ocr_line' id='line_1_102' title="bbox 1277 2775 2309 2831; baseline -0.006 -6"><span class='ocrx_word' id='word_1_654' title='bbox 1277 2779 1447 2831; x_wconf 85' lang='lat' dir='ltr'>objiciat</span> <span class='ocrx_word' id='word_1_655' title='bbox 1490 2778 1620 2822; x_wconf 87' lang='lat' dir='ltr'>oculis</span> <span class='ocrx_word' id='word_1_656' title='bbox 1652 2777 1770 2830; x_wconf 85' lang='lat' dir='ltr'>hujus</span> <span class='ocrx_word' id='word_1_657' title='bbox 1800 2775 1938 2828; x_wconf 78' lang='lat' dir='ltr'>judicii</span> <span class='ocrx_word' id='word_1_658' title='bbox 1973 2778 2189 2821; x_wconf 85' lang='lat' dir='ltr'>veritatem</span> <span class='ocrx_word' id='word_1_659' title='bbox 2223 2808 2234 2829; x_wconf 88' lang='lat'><strong>‚</strong></span> <span class='ocrx_word' id='word_1_660' title='bbox 2263 2775 2309 2819; x_wconf 78' lang='grc' dir='ltr'>ὅτ,</span> 
     </span>
     <span class='ocr_line' id='line_1_103' title="bbox 1277 2834 2308 2888; baseline -0.008 -5"><span class='ocrx_word' id='word_1_661' title='bbox 1277 2837 1468 2888; x_wconf 82' lang='lat' dir='ltr'>homines</span> <span class='ocrx_word' id='word_1_662' title='bbox 1491 2837 1537 2880; x_wconf 92' lang='lat' dir='ltr'>de</span> <span class='ocrx_word' id='word_1_663' title='bbox 1569 2851 1609 2879; x_wconf 90' lang='lat' dir='ltr'>re</span> <span class='ocrx_word' id='word_1_664' title='bbox 1639 2834 1932 2880; x_wconf 78' lang='lat' dir='ltr'>contendentes</span> <span class='ocrx_word' id='word_1_665' title='bbox 1962 2835 2098 2878; x_wconf 85' lang='lat' dir='ltr'>trahat</span> <span class='ocrx_word' id='word_1_666' title='bbox 2128 2835 2175 2878; x_wconf 89' lang='lat' dir='ltr'>ad</span> <span class='ocrx_word' id='word_1_667' title='bbox 2207 2848 2308 2877; x_wconf 87' lang='lat' dir='ltr'>con-</span> 
     </span>
     <span class='ocr_line' id='line_1_104' title="bbox 1279 2891 2311 2948; baseline -0.007 -8"><span class='ocrx_word' id='word_1_668' title='bbox 1279 2895 1548 2942; x_wconf 87' lang='lat' dir='ltr'>certationem</span> <span class='ocrx_word' id='word_1_669' title='bbox 1609 2895 1878 2937; x_wconf 79' lang='lat' dir='ltr'>verborum?</span> <span class='ocrx_word' id='word_1_670' title='bbox 1941 2893 2116 2948; x_wconf 82' lang='lat' dir='ltr'>Quando</span> <span class='ocrx_word' id='word_1_671' title='bbox 2178 2891 2311 2947; x_wconf 71' lang='lat' dir='ltr'>igitur</span> 
     </span>
     <span class='ocr_line' id='line_1_105' title="bbox 1278 2949 2310 3007; baseline -0.007 -10"><span class='ocrx_word' id='word_1_672' title='bbox 1278 2952 1503 2997; x_wconf 70' lang='lat' dir='ltr'>dialetfficis</span> <span class='ocrx_word' id='word_1_673' title='bbox 1558 2950 1707 3007; x_wconf 88' lang='lat' dir='ltr'>regulis</span> <span class='ocrx_word' id='word_1_674' title='bbox 1749 2983 1765 3006; x_wconf 90' lang='lat'>,</span> <span class='ocrx_word' id='word_1_675' title='bbox 1821 2965 1952 3007; x_wconf 87' lang='lat' dir='ltr'>neque</span> <span class='ocrx_word' id='word_1_676' title='bbox 2000 2951 2048 2993; x_wconf 91' lang='lat' dir='ltr'>ad</span> <span class='ocrx_word' id='word_1_677' title='bbox 2089 2949 2310 2993; x_wconf 79' lang='lat' dir='ltr'>invenien-</span> 
     </span>
     <span class='ocr_line' id='line_1_106' title="bbox 1278 3007 2304 3065; baseline -0.007 -10"><span class='ocrx_word' id='word_1_678' title='bbox 1278 3012 1372 3055; x_wconf 89' lang='lat' dir='ltr'>dam</span> <span class='ocrx_word' id='word_1_679' title='bbox 1415 3041 1427 3062; x_wconf 87' lang='lat'>,</span> <span class='ocrx_word' id='word_1_680' title='bbox 1479 3024 1608 3065; x_wconf 86' lang='lat' dir='ltr'>neque</span> <span class='ocrx_word' id='word_1_681' title='bbox 1656 3009 1704 3053; x_wconf 92' lang='lat' dir='ltr'>ad</span> <span class='ocrx_word' id='word_1_682' title='bbox 1755 3007 2038 3052; x_wconf 90' lang='lat' dir='ltr'>secernendam</span> <span class='ocrx_word' id='word_1_683' title='bbox 2084 3007 2304 3051; x_wconf 88' lang='lat' dir='ltr'>veritatem</span> 
     </span>
     <span class='ocr_line' id='line_1_107' title="bbox 1278 3065 2308 3123; baseline -0.005 -12"><span class='ocrx_word' id='word_1_684' title='bbox 1278 3082 1379 3123; x_wconf 90' lang='lat' dir='ltr'>opus</span> <span class='ocrx_word' id='word_1_685' title='bbox 1422 3067 1618 3110; x_wconf 85' lang='lat' dir='ltr'>habemus</span> <span class='ocrx_word' id='word_1_686' title='bbox 1648 3068 1675 3120; x_wconf 84' lang='lat'>&#39;3</span> <span class='ocrx_word' id='word_1_687' title='bbox 1728 3081 1830 3109; x_wconf 90' lang='lat' dir='ltr'>nurn</span> <span class='ocrx_word' id='word_1_688' title='bbox 1886 3065 1975 3108; x_wconf 88' lang='lat' dir='ltr'>ideo</span> <span class='ocrx_word' id='word_1_689' title='bbox 2029 3065 2134 3107; x_wconf 85' lang='lat' dir='ltr'>hanc</span> <span class='ocrx_word' id='word_1_690' title='bbox 2191 3078 2308 3117; x_wconf 87' lang='lat' dir='ltr'>pror-</span> 
     </span>
    </p>
   </div>
   <div class='ocr_carea' id='block_1_10' title="bbox 195 3120 2308 3183">
    <p class='ocr_par' dir='ltr' id='par_1_10' title="bbox 195 3120 2308 3183">
     <span class='ocr_line' id='line_1_108' title="bbox 195 3120 2308 3183; baseline -0.006 -10"><span class='ocrx_word' id='word_1_691' title='bbox 195 3126 422 3183; x_wconf 73' lang='lat' dir='ltr'>ssinguendi</span> <span class='ocrx_word' id='word_1_692' title='bbox 469 3139 533 3168; x_wconf 87' lang='lat' dir='ltr'>ars</span> <span class='ocrx_word' id='word_1_693' title='bbox 576 3122 653 3167; x_wconf 87' lang='lat' dir='ltr'>fuit</span> <span class='ocrx_word' id='word_1_694' title='bbox 700 3124 868 3169; x_wconf 85' lang='lat' dir='ltr'>inventa</span> <span class='ocrx_word' id='word_1_695' title='bbox 896 3156 908 3180; x_wconf 84' lang='lat'>,</span> <span class='ocrx_word' id='word_1_696' title='bbox 936 3140 1007 3182; x_wconf 89' lang='lat' dir='ltr'>per</span> <span class='ocrx_word' id='word_1_697' title='bbox 1039 3125 1230 3182; x_wconf 82' lang='lat' dir='ltr'>pinguio-</span> <span class='ocrx_word' id='word_1_698' title='bbox 1281 3125 1346 3171; x_wconf 89' lang='lat' dir='ltr'>sus</span> <span class='ocrx_word' id='word_1_699' title='bbox 1394 3137 1527 3170; x_wconf 85' lang='lat' dir='ltr'>artem</span> <span class='ocrx_word' id='word_1_700' title='bbox 1574 3124 1693 3170; x_wconf 84' lang='lat' dir='ltr'>nobis</span> <span class='ocrx_word' id='word_1_701' title='bbox 1740 3134 1859 3168; x_wconf 88' lang='lat' dir='ltr'>tanto</span> <span class='ocrx_word' id='word_1_702' title='bbox 1889 3120 2015 3167; x_wconf 79' lang='lat' dir='ltr'>studio</span> <span class='ocrx_word' id='word_1_703' title='bbox 2051 3137 2075 3165; x_wconf 86' lang='lat' dir='ltr'>a</span> <span class='ocrx_word' id='word_1_704' title='bbox 2105 3121 2308 3165; x_wconf 82' lang='lat' dir='ltr'>veteribus</span> 
     </span>
    </p>
   </div>
   <div class='ocr_carea' id='block_1_11' title="bbox 2204 3192 2316 3223">
    <p class='ocr_par' dir='ltr' id='par_1_11' title="bbox 2204 3192 2316 3223">
     <span class='ocr_line' id='line_1_109' title="bbox 2204 3192 2316 3223; baseline -0.036 0"><span class='ocrx_word' id='word_1_705' title='bbox 2204 3194 2252 3223; x_wconf 71' lang='lat' dir='ltr'>CO</span> <span class='ocrx_word' id='word_1_706' title='bbox 2257 3192 2316 3220; x_wconf 72' lang='lat' dir='ltr'>m.</span> 
     </span>
    </p>
   </div>
  </div>
 </body>
</html>
