<?xml version="1.0" encoding="UTF-8"?>
<!DOCTYPE html PUBLIC "-//W3C//DTD XHTML 1.0 Transitional//EN"
    "http://www.w3.org/TR/xhtml1/DTD/xhtml1-transitional.dtd">
<html xmlns="http://www.w3.org/1999/xhtml" xml:lang="en" lang="en">
 <head>
  <title>
</title>
<meta http-equiv="Content-Type" content="text/html;charset=utf-8" />
  <meta name='ocr-system' content='tesseract 3.04.00' />
  <meta name='ocr-capabilities' content='ocr_page ocr_carea ocr_par ocr_line ocrx_word'/>
</head>
<body>
  <div class='ocr_page' id='page_1' title='image "./janivincentiigra02gravuoft_0116.png"; bbox 0 0 2451 3470; ppageno 0'>
   <div class='ocr_carea' id='block_1_1' title="bbox 184 118 889 193">
    <p class='ocr_par' dir='ltr' id='par_1_1' title="bbox 184 118 889 193">
     <span class='ocr_line' id='line_1_1' title="bbox 184 118 889 193; baseline -0.011 0"><span class='ocrx_word' id='word_1_1' title='bbox 184 155 292 193; x_wconf 81' lang='lat'>110</span> <span class='ocrx_word' id='word_1_2' title='bbox 817 118 889 186; x_wconf 57' lang='lat' dir='ltr'>V.</span> 
     </span>
    </p>
   </div>
   <div class='ocr_carea' id='block_1_2' title="bbox 167 203 1232 2483">
    <p class='ocr_par' dir='ltr' id='par_1_2' title="bbox 167 203 1220 656">
     <span class='ocr_line' id='line_1_2' title="bbox 174 203 1212 268; baseline -0.012 -11"><span class='ocrx_word' id='word_1_3' title='bbox 174 216 230 258; x_wconf 85' lang='lat' dir='ltr'>tia</span> <span class='ocrx_word' id='word_1_4' title='bbox 260 245 272 267; x_wconf 85' lang='lat'>,</span> <span class='ocrx_word' id='word_1_5' title='bbox 314 210 357 255; x_wconf 61' lang='lat'>8³</span> <span class='ocrx_word' id='word_1_6' title='bbox 415 209 639 268; x_wconf 76' lang='lat' dir='ltr'>progressus</span> <span class='ocrx_word' id='word_1_7' title='bbox 690 207 879 252; x_wconf 85' lang='lat' dir='ltr'>oriuntur</span> <span class='ocrx_word' id='word_1_8' title='bbox 917 204 969 249; x_wconf 88' lang='lat' dir='ltr'>ab</span> <span class='ocrx_word' id='word_1_9' title='bbox 1010 203 1212 247; x_wconf 86' lang='lat' dir='ltr'>educatio-</span> 
     </span>
     <span class='ocr_line' id='line_1_3' title="bbox 167 260 1215 327; baseline -0.012 -11"><span class='ocrx_word' id='word_1_10' title='bbox 167 287 221 316; x_wconf 88' lang='lat' dir='ltr'>ne</span> <span class='ocrx_word' id='word_1_11' title='bbox 285 284 507 327; x_wconf 87' lang='lat' dir='ltr'>puerorum</span> <span class='ocrx_word' id='word_1_12' title='bbox 534 286 543 311; x_wconf 77' lang='grc' dir='ltr'>ε</span> <span class='ocrx_word' id='word_1_13' title='bbox 590 266 717 311; x_wconf 86' lang='lat' dir='ltr'>irritae</span> <span class='ocrx_word' id='word_1_14' title='bbox 769 264 861 308; x_wconf 89' lang='lat' dir='ltr'>sunt</span> <span class='ocrx_word' id='word_1_15' title='bbox 914 261 1028 325; x_wconf 74' lang='lat' dir='ltr'>enim</span> <span class='ocrx_word' id='word_1_16' title='bbox 1073 260 1178 324; x_wconf 72' lang='lat' dir='ltr'>leges</span> <span class='ocrx_word' id='word_1_17' title='bbox 1204 293 1215 314; x_wconf 84' lang='lat'>‚</span> 
     </span>
     <span class='ocr_line' id='line_1_4' title="bbox 174 319 1215 373; baseline -0.011 -1"><span class='ocrx_word' id='word_1_18' title='bbox 174 328 250 373; x_wconf 80' lang='lat' dir='ltr'>nisi</span> <span class='ocrx_word' id='word_1_19' title='bbox 304 327 545 371; x_wconf 84' lang='lat' dir='ltr'>educatione</span> <span class='ocrx_word' id='word_1_20' title='bbox 590 326 634 367; x_wconf 90' lang='lat' dir='ltr'>in</span> <span class='ocrx_word' id='word_1_21' title='bbox 674 321 826 367; x_wconf 87' lang='lat' dir='ltr'>animis</span> <span class='ocrx_word' id='word_1_22' title='bbox 859 320 1079 363; x_wconf 85' lang='lat' dir='ltr'>hominum</span> <span class='ocrx_word' id='word_1_23' title='bbox 1113 319 1215 362; x_wconf 90' lang='lat' dir='ltr'>inse-</span> 
     </span>
     <span class='ocr_line' id='line_1_5' title="bbox 176 376 1217 436; baseline -0.012 -6"><span class='ocrx_word' id='word_1_24' title='bbox 176 399 326 431; x_wconf 88' lang='lat' dir='ltr'>rantur</span> <span class='ocrx_word' id='word_1_25' title='bbox 350 416 363 426; x_wconf 82' lang='grc'><em>.</em></span> <span class='ocrx_word' id='word_1_26' title='bbox 416 384 539 428; x_wconf 89' lang='lat' dir='ltr'>Unde</span> <span class='ocrx_word' id='word_1_27' title='bbox 588 379 844 436; x_wconf 80' lang='lat' dir='ltr'>Diotogenes</span> <span class='ocrx_word' id='word_1_28' title='bbox 889 376 1174 429; x_wconf 80' lang='lat' dir='ltr'>Pythagoraeus</span> <span class='ocrx_word' id='word_1_29' title='bbox 1205 407 1217 428; x_wconf 88' lang='lat'>,</span> 
     </span>
     <span class='ocr_line' id='line_1_6' title="bbox 176 430 1216 494; baseline -0.013 -11"><span class='ocrx_word' id='word_1_30' title='bbox 176 441 260 486; x_wconf 77' lang='grc' dir='ltr'>Τώς</span> <span class='ocrx_word' id='word_1_31' title='bbox 287 440 334 481; x_wconf 62' lang='grc' dir='ltr'>Σέ</span> <span class='ocrx_word' id='word_1_32' title='bbox 364 440 498 494; x_wconf 76' lang='grc' dir='ltr'><em>νόμοις,</em></span> <span class='ocrx_word' id='word_1_33' title='bbox 529 438 660 491; x_wconf 82' lang='lat' dir='ltr'>inquit</span> <span class='ocrx_word' id='word_1_34' title='bbox 687 466 700 483; x_wconf 89' lang='lat'>,</span> <span class='ocrx_word' id='word_1_35' title='bbox 731 452 776 476; x_wconf 67' lang='grc' dir='ltr'>εκ</span> <span class='ocrx_word' id='word_1_36' title='bbox 807 435 844 476; x_wconf 81' lang='grc' dir='ltr'>ἐν</span> <span class='ocrx_word' id='word_1_37' title='bbox 873 432 1060 483; x_wconf 68' lang='grc' dir='ltr'>ὂικὴμαστ,</span> <span class='ocrx_word' id='word_1_38' title='bbox 1089 430 1121 482; x_wconf 63' lang='lat'>29⁸</span> <span class='ocrx_word' id='word_1_39' title='bbox 1148 434 1216 471; x_wconf 69' lang='grc' dir='ltr'>θυ-</span> 
     </span>
     <span class='ocr_line' id='line_1_7' title="bbox 176 487 1218 551; baseline -0.013 -13"><span class='ocrx_word' id='word_1_40' title='bbox 176 499 334 550; x_wconf 72' lang='grc' dir='ltr'>ρώμασιν</span> <span class='ocrx_word' id='word_1_41' title='bbox 365 495 499 548; x_wconf 72' lang='grc' dir='ltr'>ἐπήμεν</span> <span class='ocrx_word' id='word_1_42' title='bbox 526 491 580 531; x_wconf 66' lang='lat' dir='ltr'>Se}</span> <span class='ocrx_word' id='word_1_43' title='bbox 609 523 621 538; x_wconf 84' lang='lat'>,</span> <span class='ocrx_word' id='word_1_44' title='bbox 663 489 729 529; x_wconf 61' lang='lat' dir='ltr'>dns</span> <span class='ocrx_word' id='word_1_45' title='bbox 759 489 794 530; x_wconf 76' lang='grc' dir='ltr'>ἐν</span> <span class='ocrx_word' id='word_1_46' title='bbox 820 493 891 527; x_wconf 71' lang='grc' dir='ltr'><strong><em>«τοῖς</em></strong></span> <span class='ocrx_word' id='word_1_47' title='bbox 919 487 1027 529; x_wconf 54' lang='lat' dir='ltr'>nobem</span> <span class='ocrx_word' id='word_1_48' title='bbox 1054 490 1121 551; x_wconf 57' lang='lat' dir='ltr'>‘fraiv</span> <span class='ocrx_word' id='word_1_49' title='bbox 1149 501 1218 526; x_wconf 69' lang='grc' dir='ltr'>πα-</span> 
     </span>
     <span class='ocr_line' id='line_1_8' title="bbox 176 543 1220 603; baseline -0.014 -9"><span class='ocrx_word' id='word_1_50' title='bbox 176 552 417 603; x_wconf 61' lang='grc' dir='ltr'>λιτευομένων</span> <span class='ocrx_word' id='word_1_51' title='bbox 446 580 458 599; x_wconf 83' lang='grc'><em>,</em></span> <span class='ocrx_word' id='word_1_52' title='bbox 498 546 555 587; x_wconf 63' lang='grc' dir='ltr'>αἱς</span> <span class='ocrx_word' id='word_1_53' title='bbox 596 543 634 586; x_wconf 74' lang='grc' dir='ltr'>ἐν</span> <span class='ocrx_word' id='word_1_54' title='bbox 671 543 776 595; x_wconf 70' lang='grc' dir='ltr'>ἆρχοὲ</span> <span class='ocrx_word' id='word_1_55' title='bbox 815 543 1003 583; x_wconf 74' lang='grc' dir='ltr'><strong><em>πολιπὶας</em></strong></span> <span class='ocrx_word' id='word_1_56' title='bbox 1043 556 1220 586; x_wconf 63' lang='lat' dir='ltr'>artuum,</span> 
     </span>
     <span class='ocr_line' id='line_1_9' title="bbox 177 607 425 656; baseline -0.024 -7"><span class='ocrx_word' id='word_1_57' title='bbox 177 610 257 649; x_wconf 76' lang='grc' dir='ltr'>νεῶν</span> <span class='ocrx_word' id='word_1_58' title='bbox 287 607 425 656; x_wconf 69' lang='grc' dir='ltr'><em>τραφεὶ-</em></span> 
     </span>
    </p>

    <p class='ocr_par' dir='ltr' id='par_1_3' title="bbox 176 655 1232 2483">
     <span class='ocr_line' id='line_1_10' title="bbox 237 655 1218 726; baseline -0.016 -11"><span class='ocrx_word' id='word_1_59' title='bbox 237 674 361 726; x_wconf 82' lang='lat' dir='ltr'>Leges</span> <span class='ocrx_word' id='word_1_60' title='bbox 392 681 476 710; x_wconf 90' lang='lat' dir='ltr'>non</span> <span class='ocrx_word' id='word_1_61' title='bbox 509 664 600 707; x_wconf 90' lang='lat' dir='ltr'>sunt</span> <span class='ocrx_word' id='word_1_62' title='bbox 631 659 824 706; x_wconf 79' lang='lat' dir='ltr'>domibus</span> <span class='ocrx_word' id='word_1_63' title='bbox 853 659 897 703; x_wconf 85' lang='lat'>&amp;</span> <span class='ocrx_word' id='word_1_64' title='bbox 926 656 1060 711; x_wconf 81' lang='lat' dir='ltr'>ostiis,</span> <span class='ocrx_word' id='word_1_65' title='bbox 1095 655 1218 701; x_wconf 80' lang='lat' dir='ltr'>sedin</span> 
     </span>
     <span class='ocr_line' id='line_1_11' title="bbox 179 715 1218 780; baseline -0.015 -8"><span class='ocrx_word' id='word_1_66' title='bbox 179 729 334 772; x_wconf 88' lang='lat' dir='ltr'>civium</span> <span class='ocrx_word' id='word_1_67' title='bbox 367 722 541 780; x_wconf 85' lang='lat' dir='ltr'>ingeniis</span> <span class='ocrx_word' id='word_1_68' title='bbox 557 719 833 764; x_wconf 82' lang='lat' dir='ltr'>includendae.</span> <span class='ocrx_word' id='word_1_69' title='bbox 865 716 989 759; x_wconf 87' lang='lat' dir='ltr'>Unde</span> <span class='ocrx_word' id='word_1_70' title='bbox 1010 727 1145 757; x_wconf 90' lang='lat' dir='ltr'>autem</span> <span class='ocrx_word' id='word_1_71' title='bbox 1159 715 1218 777; x_wconf 68' lang='lat' dir='ltr'>ei-</span> 
     </span>
     <span class='ocr_line' id='line_1_12' title="bbox 178 772 1220 837; baseline -0.012 -10"><span class='ocrx_word' id='word_1_72' title='bbox 178 785 274 829; x_wconf 88' lang='lat' dir='ltr'>vilis</span> <span class='ocrx_word' id='word_1_73' title='bbox 304 780 517 837; x_wconf 83' lang='lat' dir='ltr'>regiminis</span> <span class='ocrx_word' id='word_1_74' title='bbox 532 777 731 821; x_wconf 86' lang='lat' dir='ltr'>initium?</span> <span class='ocrx_word' id='word_1_75' title='bbox 763 774 998 827; x_wconf 82' lang='lat' dir='ltr'>ajuvenum</span> <span class='ocrx_word' id='word_1_76' title='bbox 1013 772 1220 816; x_wconf 87' lang='lat' dir='ltr'>educatio-</span> 
     </span>
     <span class='ocr_line' id='line_1_13' title="bbox 177 828 1221 892; baseline -0.016 -6"><span class='ocrx_word' id='word_1_77' title='bbox 177 859 228 886; x_wconf 85' lang='lat' dir='ltr'>ne</span> <span class='ocrx_word' id='word_1_78' title='bbox 247 874 256 884; x_wconf 90' lang='lat'><strong>.</strong></span> <span class='ocrx_word' id='word_1_79' title='bbox 285 839 459 884; x_wconf 88' lang='lat' dir='ltr'>Sicille.</span> <span class='ocrx_word' id='word_1_80' title='bbox 490 837 638 892; x_wconf 88' lang='lat' dir='ltr'>Neque</span> <span class='ocrx_word' id='word_1_81' title='bbox 659 833 773 878; x_wconf 88' lang='lat' dir='ltr'>enirn</span> <span class='ocrx_word' id='word_1_82' title='bbox 787 831 1014 876; x_wconf 59' lang='lat' dir='ltr'>edifiorum</span> <span class='ocrx_word' id='word_1_83' title='bbox 1030 828 1221 885; x_wconf 86' lang='lat' dir='ltr'>frequen·</span> 
     </span>
     <span class='ocr_line' id='line_1_14' title="bbox 177 886 1222 953; baseline -0.015 -10"><span class='ocrx_word' id='word_1_84' title='bbox 177 900 266 953; x_wconf 89' lang='lat' dir='ltr'>tia,</span> <span class='ocrx_word' id='word_1_85' title='bbox 298 897 358 945; x_wconf 64' lang='lat' dir='ltr'>sed„</span> <span class='ocrx_word' id='word_1_86' title='bbox 390 894 496 938; x_wconf 63' lang='lat' dir='ltr'>recia</span> <span class='ocrx_word' id='word_1_87' title='bbox 527 891 785 936; x_wconf 86' lang='lat' dir='ltr'>institutione</span> <span class='ocrx_word' id='word_1_88' title='bbox 818 889 922 951; x_wconf 62' lang='lat' dir='ltr'>vitae</span> <span class='ocrx_word' id='word_1_89' title='bbox 945 902 993 931; x_wconf 88' lang='lat' dir='ltr'>ac</span> <span class='ocrx_word' id='word_1_90' title='bbox 1006 886 1222 950; x_wconf 78' lang='lat' dir='ltr'>persuasio-</span> 
     </span>
     <span class='ocr_line' id='line_1_15' title="bbox 176 949 1225 1001; baseline -0.014 -2"><span class='ocrx_word' id='word_1_91' title='bbox 176 972 229 1000; x_wconf 85' lang='lat' dir='ltr'>ne</span> <span class='ocrx_word' id='word_1_92' title='bbox 260 953 421 998; x_wconf 85' lang='lat' dir='ltr'>virtutis</span> <span class='ocrx_word' id='word_1_93' title='bbox 451 950 552 994; x_wconf 87' lang='lat' dir='ltr'>vitia</span> <span class='ocrx_word' id='word_1_94' title='bbox 583 949 787 994; x_wconf 88' lang='lat' dir='ltr'>tolluntur</span> <span class='ocrx_word' id='word_1_95' title='bbox 807 978 820 999; x_wconf 90' lang='lat'>,</span> <span class='ocrx_word' id='word_1_96' title='bbox 850 960 946 1001; x_wconf 90' lang='lat' dir='ltr'>quia</span> <span class='ocrx_word' id='word_1_97' title='bbox 977 958 1062 985; x_wconf 90' lang='lat' dir='ltr'>non</span> <span class='ocrx_word' id='word_1_98' title='bbox 1089 958 1225 999; x_wconf 81' lang='lat' dir='ltr'>poenis</span> 
     </span>
     <span class='ocr_line' id='line_1_16' title="bbox 176 1003 1181 1061; baseline -0.016 -4"><span class='ocrx_word' id='word_1_99' title='bbox 176 1011 397 1058; x_wconf 87' lang='lat' dir='ltr'>hominum</span> <span class='ocrx_word' id='word_1_100' title='bbox 441 1006 574 1051; x_wconf 85' lang='lat' dir='ltr'>animi</span> <span class='ocrx_word' id='word_1_101' title='bbox 601 1039 613 1061; x_wconf 90' lang='lat'>,</span> <span class='ocrx_word' id='word_1_102' title='bbox 658 1006 720 1050; x_wconf 87' lang='lat' dir='ltr'>sed</span> <span class='ocrx_word' id='word_1_103' title='bbox 752 1003 936 1048; x_wconf 62' lang='lat' dir='ltr'>doetrina</span> <span class='ocrx_word' id='word_1_104' title='bbox 965 1012 1181 1044; x_wconf 85' lang='lat' dir='ltr'>mutantur</span> 
     </span>
     <span class='ocr_line' id='line_1_17' title="bbox 179 1057 1225 1126; baseline -0.013 -13"><span class='ocrx_word' id='word_1_105' title='bbox 179 1068 462 1126; x_wconf 82' lang='lat' dir='ltr'>Quamobrem</span> <span class='ocrx_word' id='word_1_106' title='bbox 492 1065 562 1122; x_wconf 91' lang='lat' dir='ltr'>qui</span> <span class='ocrx_word' id='word_1_107' title='bbox 596 1062 772 1108; x_wconf 86' lang='lat' dir='ltr'>remedia</span> <span class='ocrx_word' id='word_1_108' title='bbox 804 1057 1225 1121; x_wconf 62' lang='lat' dir='ltr'>xritiisadhibentsine</span> 
     </span>
     <span class='ocr_line' id='line_1_18' title="bbox 181 1115 1223 1181; baseline -0.013 -10"><span class='ocrx_word' id='word_1_109' title='bbox 181 1127 387 1171; x_wconf 87' lang='lat' dir='ltr'>malorum</span> <span class='ocrx_word' id='word_1_110' title='bbox 417 1122 694 1177; x_wconf 76' lang='lat' dir='ltr'>extirpatione</span> <span class='ocrx_word' id='word_1_111' title='bbox 728 1135 798 1175; x_wconf 90' lang='lat' dir='ltr'>per</span> <span class='ocrx_word' id='word_1_112' title='bbox 831 1119 982 1181; x_wconf 83' lang='lat' dir='ltr'>bonam</span> <span class='ocrx_word' id='word_1_113' title='bbox 1018 1115 1223 1180; x_wconf 74' lang='lat' dir='ltr'>educano·</span> 
     </span>
     <span class='ocr_line' id='line_1_19' title="bbox 179 1174 1225 1237; baseline -0.013 -10"><span class='ocrx_word' id='word_1_114' title='bbox 179 1199 304 1237; x_wconf 89' lang='lat' dir='ltr'>nem,</span> <span class='ocrx_word' id='word_1_115' title='bbox 335 1181 556 1225; x_wconf 81' lang='lat' dir='ltr'>imitantur</span> <span class='ocrx_word' id='word_1_116' title='bbox 585 1194 680 1229; x_wconf 87' lang='lat' dir='ltr'>eos,</span> <span class='ocrx_word' id='word_1_117' title='bbox 711 1177 779 1233; x_wconf 89' lang='lat' dir='ltr'>qui</span> <span class='ocrx_word' id='word_1_118' title='bbox 813 1174 944 1217; x_wconf 66' lang='lat' dir='ltr'>vietus</span> <span class='ocrx_word' id='word_1_119' title='bbox 974 1184 1225 1236; x_wconf 32' lang='lat' dir='ltr'>ratione-mi-</span> 
     </span>
     <span class='ocr_line' id='line_1_20' title="bbox 177 1230 1224 1292; baseline -0.015 -7"><span class='ocrx_word' id='word_1_120' title='bbox 177 1244 292 1286; x_wconf 87' lang='lat' dir='ltr'>nime</span> <span class='ocrx_word' id='word_1_121' title='bbox 323 1250 481 1283; x_wconf 87' lang='lat' dir='ltr'>mutata</span> <span class='ocrx_word' id='word_1_122' title='bbox 514 1235 743 1292; x_wconf 87' lang='lat' dir='ltr'>pharmacis</span> <span class='ocrx_word' id='word_1_123' title='bbox 777 1244 953 1276; x_wconf 90' lang='lat' dir='ltr'>utuntur</span> <span class='ocrx_word' id='word_1_124' title='bbox 974 1261 985 1283; x_wconf 83' lang='lat'><strong>‚</strong></span> <span class='ocrx_word' id='word_1_125' title='bbox 1017 1245 1059 1273; x_wconf 88' lang='lat' dir='ltr'>e·</span> <span class='ocrx_word' id='word_1_126' title='bbox 1079 1230 1224 1285; x_wconf 81' lang='lat' dir='ltr'>qulbus</span> 
     </span>
     <span class='ocr_line' id='line_1_21' title="bbox 179 1286 1226 1350; baseline -0.015 -7"><span class='ocrx_word' id='word_1_127' title='bbox 179 1299 295 1343; x_wconf 85' lang='lat' dir='ltr'>nulla</span> <span class='ocrx_word' id='word_1_128' title='bbox 314 1296 486 1340; x_wconf 88' lang='lat' dir='ltr'>sanitate</span> <span class='ocrx_word' id='word_1_129' title='bbox 502 1291 932 1350; x_wconf 86' lang='lat' dir='ltr'>corporisniorborum</span> <span class='ocrx_word' id='word_1_130' title='bbox 952 1286 1226 1330; x_wconf 90' lang='lat' dir='ltr'>sollummodo</span> 
     </span>
     <span class='ocr_line' id='line_1_22' title="bbox 178 1343 1225 1401; baseline -0.015 0"><span class='ocrx_word' id='word_1_131' title='bbox 178 1354 457 1401; x_wconf 85' lang='lat' dir='ltr'>mutationem</span> <span class='ocrx_word' id='word_1_132' title='bbox 490 1368 537 1395; x_wconf 90' lang='lat' dir='ltr'>ac</span> <span class='ocrx_word' id='word_1_133' title='bbox 562 1351 802 1394; x_wconf 85' lang='lat' dir='ltr'>varietatem</span> <span class='ocrx_word' id='word_1_134' title='bbox 824 1346 1109 1401; x_wconf 80' lang='lat' dir='ltr'>assequuntur.</span> <span class='ocrx_word' id='word_1_135' title='bbox 1125 1343 1225 1386; x_wconf 89' lang='lat' dir='ltr'>Pue-</span> 
     </span>
     <span class='ocr_line' id='line_1_23' title="bbox 180 1401 1224 1464; baseline -0.013 -8"><span class='ocrx_word' id='word_1_136' title='bbox 180 1428 319 1456; x_wconf 87' lang='lat' dir='ltr'>rorum</span> <span class='ocrx_word' id='word_1_137' title='bbox 350 1423 486 1453; x_wconf 87' lang='lat' dir='ltr'>autem</span> <span class='ocrx_word' id='word_1_138' title='bbox 505 1409 667 1464; x_wconf 79' lang='lat' dir='ltr'>ingenia</span> <span class='ocrx_word' id='word_1_139' title='bbox 687 1417 848 1462; x_wconf 88' lang='lat' dir='ltr'>propter</span> <span class='ocrx_word' id='word_1_140' title='bbox 864 1401 1044 1445; x_wconf 84' lang='lat' dir='ltr'>flexilem</span> <span class='ocrx_word' id='word_1_141' title='bbox 1064 1412 1224 1464; x_wconf 67' lang='lat' dir='ltr'>aetatem</span> 
     </span>
     <span class='ocr_line' id='line_1_24' title="bbox 180 1457 1226 1515; baseline -0.015 -2"><span class='ocrx_word' id='word_1_142' title='bbox 180 1471 225 1514; x_wconf 66' lang='grc' dir='ltr'>δε</span> <span class='ocrx_word' id='word_1_143' title='bbox 261 1467 509 1512; x_wconf 80' lang='lat' dir='ltr'>vacuitatem</span> <span class='ocrx_word' id='word_1_144' title='bbox 544 1480 760 1514; x_wconf 84' lang='lat' dir='ltr'>curarum,</span> <span class='ocrx_word' id='word_1_145' title='bbox 793 1462 883 1503; x_wconf 90' lang='lat' dir='ltr'>sunt</span> <span class='ocrx_word' id='word_1_146' title='bbox 911 1457 1060 1515; x_wconf 88' lang='lat' dir='ltr'>oppido</span> <span class='ocrx_word' id='word_1_147' title='bbox 1083 1457 1226 1504; x_wconf 75' lang='lat' dir='ltr'>idonea</span> 
     </span>
     <span class='ocr_line' id='line_1_25' title="bbox 181 1515 1225 1576; baseline -0.014 -6"><span class='ocrx_word' id='word_1_148' title='bbox 181 1530 388 1571; x_wconf 86' lang='lat' dir='ltr'>bonorum</span> <span class='ocrx_word' id='word_1_149' title='bbox 426 1523 569 1566; x_wconf 87' lang='lat' dir='ltr'>itidem</span> <span class='ocrx_word' id='word_1_150' title='bbox 601 1524 644 1566; x_wconf 84' lang='lat'>&amp;</span> <span class='ocrx_word' id='word_1_151' title='bbox 663 1519 871 1564; x_wconf 87' lang='lat' dir='ltr'>malorum</span> <span class='ocrx_word' id='word_1_152' title='bbox 888 1515 1106 1559; x_wconf 86' lang='lat' dir='ltr'>seminibus</span> <span class='ocrx_word' id='word_1_153' title='bbox 1127 1529 1225 1576; x_wconf 81' lang='lat' dir='ltr'>con-</span> 
     </span>
     <span class='ocr_line' id='line_1_26' title="bbox 182 1569 1227 1639; baseline -0.015 -11"><span class='ocrx_word' id='word_1_154' title='bbox 182 1583 381 1639; x_wconf 84' lang='lat' dir='ltr'>cipiendis</span> <span class='ocrx_word' id='word_1_155' title='bbox 411 1581 560 1635; x_wconf 85' lang='lat' dir='ltr'>pariter</span> <span class='ocrx_word' id='word_1_156' title='bbox 590 1593 711 1635; x_wconf 85' lang='lat' dir='ltr'>atque</span> <span class='ocrx_word' id='word_1_157' title='bbox 738 1574 979 1618; x_wconf 79' lang='lat' dir='ltr'>retinendis.</span> <span class='ocrx_word' id='word_1_158' title='bbox 1000 1569 1227 1635; x_wconf 66' lang='lat' dir='ltr'>.Qu5.dq.¹³!d</span> 
     </span>
     <span class='ocr_line' id='line_1_27' title="bbox 182 1632 1226 1693; baseline -0.013 -9"><span class='ocrx_word' id='word_1_159' title='bbox 182 1642 296 1685; x_wconf 90' lang='lat' dir='ltr'>enim</span> <span class='ocrx_word' id='word_1_160' title='bbox 328 1639 374 1682; x_wconf 90' lang='lat' dir='ltr'>in</span> <span class='ocrx_word' id='word_1_161' title='bbox 407 1637 574 1693; x_wconf 75' lang='lat' dir='ltr'>simplex</span> <span class='ocrx_word' id='word_1_162' title='bbox 605 1651 650 1680; x_wconf 90' lang='lat' dir='ltr'>ac</span> <span class='ocrx_word' id='word_1_163' title='bbox 684 1633 838 1676; x_wconf 91' lang='lat' dir='ltr'>nudum</span> <span class='ocrx_word' id='word_1_164' title='bbox 872 1632 1086 1692; x_wconf 81' lang='lat' dir='ltr'>ingenium</span> <span class='ocrx_word' id='word_1_165' title='bbox 1104 1639 1226 1671; x_wconf 81' lang='lat' dir='ltr'>initio</span> 
     </span>
     <span class='ocr_line' id='line_1_28' title="bbox 184 1684 1225 1750; baseline -0.013 -10"><span class='ocrx_word' id='word_1_166' title='bbox 184 1697 372 1741; x_wconf 86' lang='lat' dir='ltr'>illabitur</span> <span class='ocrx_word' id='word_1_167' title='bbox 395 1727 408 1750; x_wconf 92' lang='lat'>,</span> <span class='ocrx_word' id='word_1_168' title='bbox 439 1694 552 1738; x_wconf 83' lang='lat' dir='ltr'>brevi</span> <span class='ocrx_word' id='word_1_169' title='bbox 585 1691 773 1737; x_wconf 82' lang='lat' dir='ltr'>coalescit</span> <span class='ocrx_word' id='word_1_170' title='bbox 807 1704 818 1743; x_wconf 78' lang='lat'><em>3</em></span> <span class='ocrx_word' id='word_1_171' title='bbox 848 1700 967 1743; x_wconf 86' lang='lat' dir='ltr'>atque</span> <span class='ocrx_word' id='word_1_172' title='bbox 999 1686 1077 1750; x_wconf 40' lang='lat' dir='ltr'>ubi.</span> <span class='ocrx_word' id='word_1_173' title='bbox 1102 1684 1225 1728; x_wconf 90' lang='lat' dir='ltr'>semel</span> 
     </span>
     <span class='ocr_line' id='line_1_29' title="bbox 184 1742 1227 1808; baseline -0.014 -10"><span class='ocrx_word' id='word_1_174' title='bbox 184 1755 336 1799; x_wconf 78' lang='lat' dir='ltr'>radices</span> <span class='ocrx_word' id='word_1_175' title='bbox 368 1751 647 1808; x_wconf 82' lang='lat' dir='ltr'>protenderit,</span> <span class='ocrx_word' id='word_1_176' title='bbox 678 1763 784 1792; x_wconf 90' lang='lat' dir='ltr'>nova</span> <span class='ocrx_word' id='word_1_177' title='bbox 816 1745 859 1789; x_wconf 70' lang='grc' dir='ltr'>δι</span> <span class='ocrx_word' id='word_1_178' title='bbox 882 1746 1107 1789; x_wconf 80' lang='lat' dir='ltr'>adventitia</span> <span class='ocrx_word' id='word_1_179' title='bbox 1125 1742 1227 1805; x_wconf 79' lang='lat' dir='ltr'>post-</span> 
     </span>
     <span class='ocr_line' id='line_1_30' title="bbox 185 1808 1228 1855; baseline -0.013 1"><span class='ocrx_word' id='word_1_180' title='bbox 185 1812 354 1855; x_wconf 86' lang='lat' dir='ltr'>modum</span> <span class='ocrx_word' id='word_1_181' title='bbox 372 1809 557 1853; x_wconf 79' lang='lat' dir='ltr'>excludet</span> <span class='ocrx_word' id='word_1_182' title='bbox 573 1808 815 1851; x_wconf 78' lang='lat' dir='ltr'>,Virtutum</span> <span class='ocrx_word' id='word_1_183' title='bbox 831 1815 966 1846; x_wconf 85' lang='lat' dir='ltr'>autem</span> <span class='ocrx_word' id='word_1_184' title='bbox 985 1833 1000 1854; x_wconf 85' lang='lat'><strong><em>‚</em></strong></span> <span class='ocrx_word' id='word_1_185' title='bbox 1015 1812 1083 1843; x_wconf 89' lang='lat' dir='ltr'>aut</span> <span class='ocrx_word' id='word_1_186' title='bbox 1104 1811 1228 1842; x_wconf 85' lang='lat' dir='ltr'>vitio-</span> 
     </span>
     <span class='ocr_line' id='line_1_31' title="bbox 188 1856 1228 1922; baseline -0.014 -10"><span class='ocrx_word' id='word_1_187' title='bbox 188 1883 280 1912; x_wconf 82' lang='lat' dir='ltr'>rum</span> <span class='ocrx_word' id='word_1_188' title='bbox 325 1883 441 1910; x_wconf 88' lang='lat' dir='ltr'>amor</span> <span class='ocrx_word' id='word_1_189' title='bbox 472 1865 667 1919; x_wconf 86' lang='lat' dir='ltr'>arripitur</span> <span class='ocrx_word' id='word_1_190' title='bbox 697 1878 747 1906; x_wconf 78' lang='lat' dir='ltr'>ex</span> <span class='ocrx_word' id='word_1_191' title='bbox 779 1875 922 1904; x_wconf 88' lang='lat' dir='ltr'>eorum</span> <span class='ocrx_word' id='word_1_192' title='bbox 955 1856 1174 1922; x_wconf 32' lang='lat' dir='ltr'>exemp-lo,</span> <span class='ocrx_word' id='word_1_193' title='bbox 1205 1871 1228 1897; x_wconf 89' lang='lat' dir='ltr'>a</span> 
     </span>
     <span class='ocr_line' id='line_1_32' title="bbox 183 1918 1227 1981; baseline -0.015 -12"><span class='ocrx_word' id='word_1_194' title='bbox 183 1927 331 1981; x_wconf 86' lang='lat' dir='ltr'>quibus</span> <span class='ocrx_word' id='word_1_195' title='bbox 351 1924 538 1966; x_wconf 79' lang='lat' dir='ltr'>homines</span> <span class='ocrx_word' id='word_1_196' title='bbox 553 1923 777 1964; x_wconf 86' lang='lat' dir='ltr'>educantur</span> <span class='ocrx_word' id='word_1_197' title='bbox 793 1950 802 1960; x_wconf 89' lang='lat'><strong><em>.</em></strong></span> <span class='ocrx_word' id='word_1_198' title='bbox 836 1918 952 1960; x_wconf 89' lang='lat' dir='ltr'>Hinc</span> <span class='ocrx_word' id='word_1_199' title='bbox 972 1928 1139 1978; x_wconf 79' lang='lat' dir='ltr'>ingenia</span> <span class='ocrx_word' id='word_1_200' title='bbox 1155 1927 1227 1954; x_wconf 82' lang='lat' dir='ltr'>no-</span> 
     </span>
     <span class='ocr_line' id='line_1_33' title="bbox 188 1970 1228 2037; baseline -0.015 -11"><span class='ocrx_word' id='word_1_201' title='bbox 188 1983 335 2026; x_wconf 88' lang='lat' dir='ltr'>bilium</span> <span class='ocrx_word' id='word_1_202' title='bbox 369 1995 617 2037; x_wconf 89' lang='lat' dir='ltr'>puerorum,</span> <span class='ocrx_word' id='word_1_203' title='bbox 649 1977 888 2032; x_wconf 87' lang='lat' dir='ltr'>plerumque</span> <span class='ocrx_word' id='word_1_204' title='bbox 921 1974 1021 2034; x_wconf 32' lang='lat' dir='ltr'>sunt.</span> <span class='ocrx_word' id='word_1_205' title='bbox 1037 1970 1084 2014; x_wconf 90' lang='lat' dir='ltr'>ad</span> <span class='ocrx_word' id='word_1_206' title='bbox 1099 1981 1228 2033; x_wconf 80' lang='lat' dir='ltr'>virtu-</span> 
     </span>
     <span class='ocr_line' id='line_1_34' title="bbox 186 2028 1229 2091; baseline -0.012 -9"><span class='ocrx_word' id='word_1_207' title='bbox 186 2052 271 2082; x_wconf 87' lang='lat' dir='ltr'>tem</span> <span class='ocrx_word' id='word_1_208' title='bbox 306 2037 511 2081; x_wconf 84' lang='lat' dir='ltr'>hebetiora</span> <span class='ocrx_word' id='word_1_209' title='bbox 542 2068 555 2089; x_wconf 87' lang='lat'>,</span> <span class='ocrx_word' id='word_1_210' title='bbox 598 2032 820 2091; x_wconf 77' lang='lat' dir='ltr'>praesertim</span> <span class='ocrx_word' id='word_1_211' title='bbox 854 2031 896 2073; x_wconf 87' lang='lat' dir='ltr'>in</span> <span class='ocrx_word' id='word_1_212' title='bbox 930 2028 1052 2073; x_wconf 89' lang='lat' dir='ltr'>Italia</span> <span class='ocrx_word' id='word_1_213' title='bbox 1091 2060 1103 2082; x_wconf 87' lang='lat'>,</span> <span class='ocrx_word' id='word_1_214' title='bbox 1134 2041 1229 2082; x_wconf 87' lang='lat' dir='ltr'>quia</span> 
     </span>
     <span class='ocr_line' id='line_1_35' title="bbox 184 2087 1227 2150; baseline -0.013 -10"><span class='ocrx_word' id='word_1_215' title='bbox 184 2098 254 2139; x_wconf 81' lang='lat' dir='ltr'>liic</span> <span class='ocrx_word' id='word_1_216' title='bbox 285 2096 503 2139; x_wconf 85' lang='lat' dir='ltr'>educantur</span> <span class='ocrx_word' id='word_1_217' title='bbox 522 2089 852 2136; x_wconf 82' lang='lat' dir='ltr'>amulieribusin</span> <span class='ocrx_word' id='word_1_218' title='bbox 869 2087 988 2150; x_wconf 34' lang='lat' dir='ltr'>rosa‘,</span> <span class='ocrx_word' id='word_1_219' title='bbox 1021 2088 1127 2128; x_wconf 88' lang='lat' dir='ltr'>inter</span> <span class='ocrx_word' id='word_1_220' title='bbox 1140 2099 1227 2147; x_wconf 76' lang='lat' dir='ltr'>gre-</span> 
     </span>
     <span class='ocr_line' id='line_1_36' title="bbox 185 2140 1230 2210; baseline -0.013 -14"><span class='ocrx_word' id='word_1_221' title='bbox 185 2169 279 2210; x_wconf 77' lang='lat' dir='ltr'>gem</span> <span class='ocrx_word' id='word_1_222' title='bbox 313 2151 583 2203; x_wconf 83' lang='lat' dir='ltr'>ancillarum,</span> <span class='ocrx_word' id='word_1_223' title='bbox 614 2150 670 2193; x_wconf 85' lang='lat' dir='ltr'>eis</span> <span class='ocrx_word' id='word_1_224' title='bbox 700 2147 776 2190; x_wconf 88' lang='lat' dir='ltr'>vili</span> <span class='ocrx_word' id='word_1_225' title='bbox 808 2145 999 2200; x_wconf 81' lang='lat' dir='ltr'>obsequio</span> <span class='ocrx_word' id='word_1_226' title='bbox 1032 2140 1230 2205; x_wconf 72' lang='lat' dir='ltr'>mollique</span> 
     </span>
     <span class='ocr_line' id='line_1_37' title="bbox 187 2199 1229 2261; baseline -0.014 -7"><span class='ocrx_word' id='word_1_227' title='bbox 187 2211 299 2254; x_wconf 89' lang='lat' dir='ltr'>cultu</span> <span class='ocrx_word' id='word_1_228' title='bbox 328 2207 630 2251; x_wconf 74' lang='lat' dir='ltr'>blandientium</span> <span class='ocrx_word' id='word_1_229' title='bbox 649 2222 660 2259; x_wconf 78' lang='lat'>3</span> <span class='ocrx_word' id='word_1_230' title='bbox 694 2202 881 2260; x_wconf 88' lang='lat' dir='ltr'>proniora</span> <span class='ocrx_word' id='word_1_231' title='bbox 902 2216 998 2244; x_wconf 78' lang='lat' dir='ltr'>vero</span> <span class='ocrx_word' id='word_1_232' title='bbox 1018 2199 1062 2241; x_wconf 84' lang='lat' dir='ltr'>ad</span> <span class='ocrx_word' id='word_1_233' title='bbox 1078 2210 1229 2261; x_wconf 72' lang='lat' dir='ltr'>vitium</span> 
     </span>
     <span class='ocr_line' id='line_1_38' title="bbox 190 2255 1229 2323; baseline -0.013 -14"><span class='ocrx_word' id='word_1_234' title='bbox 190 2280 350 2323; x_wconf 84' lang='lat' dir='ltr'>propter</span> <span class='ocrx_word' id='word_1_235' title='bbox 366 2264 624 2308; x_wconf 84' lang='lat' dir='ltr'>insolentiam</span> <span class='ocrx_word' id='word_1_236' title='bbox 643 2263 826 2304; x_wconf 88' lang='lat' dir='ltr'>laborum</span> <span class='ocrx_word' id='word_1_237' title='bbox 840 2259 883 2302; x_wconf 86' lang='lat'>&amp;</span> <span class='ocrx_word' id='word_1_238' title='bbox 895 2255 1229 2319; x_wconf 79' lang='lat' dir='ltr'>consuetudinem</span> 
     </span>
     <span class='ocr_line' id='line_1_39' title="bbox 187 2312 1230 2378; baseline -0.014 -11"><span class='ocrx_word' id='word_1_239' title='bbox 187 2325 445 2377; x_wconf 80' lang='lat' dir='ltr'>voluptatum</span> <span class='ocrx_word' id='word_1_240' title='bbox 482 2352 492 2363; x_wconf 92' lang='lat'><strong><em>.</em></strong></span> <span class='ocrx_word' id='word_1_241' title='bbox 526 2323 588 2364; x_wconf 87' lang='lat' dir='ltr'>Ac</span> <span class='ocrx_word' id='word_1_242' title='bbox 621 2319 734 2363; x_wconf 89' lang='lat' dir='ltr'>sicuti</span> <span class='ocrx_word' id='word_1_243' title='bbox 769 2315 959 2378; x_wconf 80' lang='lat' dir='ltr'>muliebri</span> <span class='ocrx_word' id='word_1_244' title='bbox 992 2312 1230 2374; x_wconf 75' lang='lat' dir='ltr'>educatione</span> 
     </span>
     <span class='ocr_line' id='line_1_40' title="bbox 191 2368 1232 2437; baseline -0.013 -13"><span class='ocrx_word' id='word_1_245' title='bbox 191 2381 306 2437; x_wconf 90' lang='lat' dir='ltr'>pueri</span> <span class='ocrx_word' id='word_1_246' title='bbox 340 2380 592 2422; x_wconf 83' lang='lat' dir='ltr'>abducuntur</span> <span class='ocrx_word' id='word_1_247' title='bbox 625 2394 646 2419; x_wconf 88' lang='lat' dir='ltr'>a</span> <span class='ocrx_word' id='word_1_248' title='bbox 679 2376 828 2418; x_wconf 81' lang='lat' dir='ltr'>virtute</span> <span class='ocrx_word' id='word_1_249' title='bbox 865 2404 878 2426; x_wconf 84' lang='lat'>,</span> <span class='ocrx_word' id='word_1_250' title='bbox 910 2384 965 2414; x_wconf 86' lang='lat' dir='ltr'>ita</span> <span class='ocrx_word' id='word_1_251' title='bbox 999 2368 1232 2432; x_wconf 78' lang='lat' dir='ltr'>vulgaribus</span> 
     </span>
     <span class='ocr_line' id='line_1_41' title="bbox 195 2426 1230 2483; baseline -0.015 -1"><span class='ocrx_word' id='word_1_252' title='bbox 195 2438 399 2483; x_wconf 85' lang='lat' dir='ltr'>erroribus</span> <span class='ocrx_word' id='word_1_253' title='bbox 431 2437 480 2477; x_wconf 84' lang='lat' dir='ltr'>ab</span> <span class='ocrx_word' id='word_1_254' title='bbox 513 2435 668 2478; x_wconf 84' lang='lat' dir='ltr'>nutrice</span> <span class='ocrx_word' id='word_1_255' title='bbox 702 2430 851 2475; x_wconf 81' lang='lat' dir='ltr'>haustis</span> <span class='ocrx_word' id='word_1_256' title='bbox 880 2426 1150 2472; x_wconf 53' lang='lat' dir='ltr'>deflectuntur</span> <span class='ocrx_word' id='word_1_257' title='bbox 1188 2440 1230 2468; x_wconf 90' lang='lat' dir='ltr'>in</span> 
     </span>
    </p>
   </div>
   <div class='ocr_carea' id='block_1_3' title="bbox 1233 223 1254 722">
    <p class='ocr_par' dir='ltr' id='par_1_4' title="bbox 1233 223 1254 736">
     <span class='ocr_line' id='line_1_42' title="bbox 1233 223 1254 722; baseline 0 0"><span class='ocrx_word' id='word_1_258' title='bbox 1233 223 1254 722; x_wconf 77' lang='lat' dir='ltr'>l</span> 
     </span>
    </p>
   </div>
   <div class='ocr_carea' id='block_1_4' title="bbox 1009 126 1845 188">
    <p class='ocr_par' dir='ltr' id='par_1_5' title="bbox 1009 126 1845 188">
     <span class='ocr_line' id='line_1_43' title="bbox 1009 126 1845 188; baseline -0.001 -6"><span class='ocrx_word' id='word_1_259' title='bbox 1009 126 1845 188; x_wconf 87' lang='lat' dir='ltr'>GRAVINAE</span> 
     </span>
    </p>
   </div>
   <div class='ocr_carea' id='block_1_5' title="bbox 1265 203 2325 2537">
    <p class='ocr_par' dir='ltr' id='par_1_6' title="bbox 1265 203 2309 381">
     <span class='ocr_line' id='line_1_44' title="bbox 1267 203 2309 263; baseline 0.009 -18"><span class='ocrx_word' id='word_1_260' title='bbox 1267 203 1467 259; x_wconf 82' lang='lat' dir='ltr'>posterum</span> <span class='ocrx_word' id='word_1_261' title='bbox 1515 220 1539 247; x_wconf 89' lang='lat' dir='ltr'>a</span> <span class='ocrx_word' id='word_1_262' title='bbox 1581 204 1791 260; x_wconf 87' lang='lat' dir='ltr'>veritate·,</span> <span class='ocrx_word' id='word_1_263' title='bbox 1829 218 1875 251; x_wconf 92' lang='lat' dir='ltr'>ut</span> <span class='ocrx_word' id='word_1_264' title='bbox 1920 223 2004 252; x_wconf 89' lang='lat' dir='ltr'>non</span> <span class='ocrx_word' id='word_1_265' title='bbox 2036 207 2191 253; x_wconf 87' lang='lat' dir='ltr'>mirum</span> <span class='ocrx_word' id='word_1_266' title='bbox 2221 241 2233 263; x_wconf 91' lang='lat'><strong>‚</strong></span> <span class='ocrx_word' id='word_1_267' title='bbox 2281 209 2309 255; x_wconf 81' lang='lat' dir='ltr'>fi</span> 
     </span>
     <span class='ocr_line' id='line_1_45' title="bbox 1268 260 2307 325; baseline 0.008 -22"><span class='ocrx_word' id='word_1_268' title='bbox 1268 262 1393 325; x_wconf 78' lang='lat' dir='ltr'>postea</span> <span class='ocrx_word' id='word_1_269' title='bbox 1418 292 1431 315; x_wconf 89' lang='lat'>‚</span> <span class='ocrx_word' id='word_1_270' title='bbox 1474 260 1571 304; x_wconf 88' lang='lat' dir='ltr'>dum</span> <span class='ocrx_word' id='word_1_271' title='bbox 1621 277 1734 305; x_wconf 87' lang='lat' dir='ltr'>veros</span> <span class='ocrx_word' id='word_1_272' title='bbox 1776 279 1911 307; x_wconf 90' lang='lat' dir='ltr'>rerum</span> <span class='ocrx_word' id='word_1_273' title='bbox 1941 266 2200 310; x_wconf 77' lang='lat' dir='ltr'>aestimatores</span> <span class='ocrx_word' id='word_1_274' title='bbox 2230 284 2307 311; x_wconf 86' lang='lat' dir='ltr'>au-</span> 
     </span>
     <span class='ocr_line' id='line_1_46' title="bbox 1265 317 2304 381; baseline 0.006 -20"><span class='ocrx_word' id='word_1_275' title='bbox 1265 319 1383 362; x_wconf 88' lang='lat' dir='ltr'>diunt</span> <span class='ocrx_word' id='word_1_276' title='bbox 1397 350 1410 372; x_wconf 91' lang='lat'>,</span> <span class='ocrx_word' id='word_1_277' title='bbox 1424 333 1513 381; x_wconf 79' lang='lat' dir='ltr'>quae</span> <span class='ocrx_word' id='word_1_278' title='bbox 1529 317 1685 363; x_wconf 87' lang='lat' dir='ltr'>veriora</span> <span class='ocrx_word' id='word_1_279' title='bbox 1701 318 1806 374; x_wconf 90' lang='lat' dir='ltr'>sunt,</span> <span class='ocrx_word' id='word_1_280' title='bbox 1819 335 1866 364; x_wconf 85' lang='lat' dir='ltr'>ea</span> <span class='ocrx_word' id='word_1_281' title='bbox 1877 321 2025 365; x_wconf 89' lang='lat' dir='ltr'>ducant</span> <span class='ocrx_word' id='word_1_282' title='bbox 2045 323 2275 367; x_wconf 84' lang='lat' dir='ltr'>absurdiora</span> <span class='ocrx_word' id='word_1_283' title='bbox 2292 356 2304 367; x_wconf 89' lang='lat'><em>.</em></span> 
     </span>
    </p>

    <p class='ocr_par' dir='ltr' id='par_1_7' title="bbox 1265 374 2322 2485">
     <span class='ocr_line' id='line_1_47' title="bbox 1322 374 2312 442; baseline 0.007 -25"><span class='ocrx_word' id='word_1_284' title='bbox 1322 376 1397 440; x_wconf 77' lang='lat' dir='ltr'>Sed</span> <span class='ocrx_word' id='word_1_285' title='bbox 1427 391 1508 428; x_wconf 67' lang='lat' dir='ltr'>jam</span> <span class='ocrx_word' id='word_1_286' title='bbox 1540 374 1598 440; x_wconf 46' lang='lat' dir='ltr'>ad·</span> <span class='ocrx_word' id='word_1_287' title='bbox 1622 375 1886 442; x_wconf 64' lang='lat' dir='ltr'>incommoda</span> <span class='ocrx_word' id='word_1_288' title='bbox 1911 380 2156 424; x_wconf 87' lang='lat' dir='ltr'>transeamus</span> <span class='ocrx_word' id='word_1_289' title='bbox 2177 413 2188 432; x_wconf 94' lang='lat'><strong>‚</strong></span> <span class='ocrx_word' id='word_1_290' title='bbox 2221 396 2312 436; x_wconf 71' lang='lat' dir='ltr'>quae</span> 
     </span>
     <span class='ocr_line' id='line_1_48' title="bbox 1267 439 2311 493; baseline 0.005 -17"><span class='ocrx_word' id='word_1_291' title='bbox 1267 445 1440 477; x_wconf 85' lang='lat' dir='ltr'>veniunt</span> <span class='ocrx_word' id='word_1_292' title='bbox 1468 448 1493 475; x_wconf 85' lang='lat' dir='ltr'>a</span> <span class='ocrx_word' id='word_1_293' title='bbox 1524 448 1620 476; x_wconf 79' lang='lat' dir='ltr'>Viris</span> <span class='ocrx_word' id='word_1_294' title='bbox 1646 464 1660 488; x_wconf 91' lang='lat'>,</span> <span class='ocrx_word' id='word_1_295' title='bbox 1707 450 1754 477; x_wconf 86' lang='lat' dir='ltr'>ac</span> <span class='ocrx_word' id='word_1_296' title='bbox 1788 449 1921 489; x_wconf 90' lang='lat' dir='ltr'>primo</span> <span class='ocrx_word' id='word_1_297' title='bbox 1948 451 1971 478; x_wconf 88' lang='lat' dir='ltr'>a</span> <span class='ocrx_word' id='word_1_298' title='bbox 2004 439 2311 493; x_wconf 74' lang='lat' dir='ltr'>praeceptoribus</span> 
     </span>
     <span class='ocr_line' id='line_1_49' title="bbox 1267 488 2309 550; baseline 0.004 -16"><span class='ocrx_word' id='word_1_299' title='bbox 1267 488 1535 543; x_wconf 84' lang='lat' dir='ltr'>Latinitatis,</span> <span class='ocrx_word' id='word_1_300' title='bbox 1564 490 1633 545; x_wconf 86' lang='lat' dir='ltr'>qui</span> <span class='ocrx_word' id='word_1_301' title='bbox 1664 489 1773 534; x_wconf 77' lang='lat' dir='ltr'>nihil</span> <span class='ocrx_word' id='word_1_302' title='bbox 1791 491 1922 547; x_wconf 83' lang='lat' dir='ltr'>magis</span> <span class='ocrx_word' id='word_1_303' title='bbox 1942 491 2152 548; x_wconf 88' lang='lat' dir='ltr'>laborant,</span> <span class='ocrx_word' id='word_1_304' title='bbox 2183 510 2309 550; x_wconf 88' lang='lat' dir='ltr'>quarn</span> 
     </span>
     <span class='ocr_line' id='line_1_50' title="bbox 1267 548 2303 609; baseline 0.004 -19"><span class='ocrx_word' id='word_1_305' title='bbox 1267 560 1313 591; x_wconf 91' lang='lat' dir='ltr'>ut</span> <span class='ocrx_word' id='word_1_306' title='bbox 1358 560 1536 609; x_wconf 76' lang='lat' dir='ltr'>augeant</span> <span class='ocrx_word' id='word_1_307' title='bbox 1576 548 1758 591; x_wconf 85' lang='lat' dir='ltr'>docendo</span> <span class='ocrx_word' id='word_1_308' title='bbox 1788 548 2043 592; x_wconf 81' lang='lat' dir='ltr'>difficultates</span> <span class='ocrx_word' id='word_1_309' title='bbox 2073 580 2087 603; x_wconf 94' lang='lat'>,</span> <span class='ocrx_word' id='word_1_310' title='bbox 2128 566 2226 605; x_wconf 87' lang='lat' dir='ltr'>quas</span> <span class='ocrx_word' id='word_1_311' title='bbox 2258 553 2303 594; x_wconf 89' lang='lat' dir='ltr'>in</span> 
     </span>
     <span class='ocr_line' id='line_1_51' title="bbox 1268 602 2310 659; baseline 0.003 -11"><span class='ocrx_word' id='word_1_312' title='bbox 1268 603 1460 648; x_wconf 84' lang='lat' dir='ltr'>Latinam</span> <span class='ocrx_word' id='word_1_313' title='bbox 1494 602 1680 659; x_wconf 81' lang='lat' dir='ltr'>linguam</span> <span class='ocrx_word' id='word_1_314' title='bbox 1704 604 1954 649; x_wconf 84' lang='lat' dir='ltr'>invexerunt</span> <span class='ocrx_word' id='word_1_315' title='bbox 1968 605 2232 650; x_wconf 88' lang='lat' dir='ltr'>multitudine</span> <span class='ocrx_word' id='word_1_316' title='bbox 2245 620 2310 651; x_wconf 87' lang='lat' dir='ltr'>at·</span> 
     </span>
     <span class='ocr_line' id='line_1_52' title="bbox 1265 659 2311 718; baseline 0.002 -13"><span class='ocrx_word' id='word_1_317' title='bbox 1265 677 1344 718; x_wconf 90' lang='lat' dir='ltr'>que</span> <span class='ocrx_word' id='word_1_318' title='bbox 1376 659 1601 704; x_wconf 83' lang='lat' dir='ltr'>involucris</span> <span class='ocrx_word' id='word_1_319' title='bbox 1619 661 1847 717; x_wconf 87' lang='lat' dir='ltr'>regularum</span> <span class='ocrx_word' id='word_1_320' title='bbox 1863 694 1875 716; x_wconf 93' lang='lat'>‚</span> <span class='ocrx_word' id='word_1_321' title='bbox 1901 662 2049 718; x_wconf 87' lang='lat' dir='ltr'>quibus</span> <span class='ocrx_word' id='word_1_322' title='bbox 2065 663 2311 708; x_wconf 75' lang='lat' dir='ltr'>addiscendis</span> 
     </span>
     <span class='ocr_line' id='line_1_53' title="bbox 1267 717 2312 776; baseline 0.002 -15"><span class='ocrx_word' id='word_1_323' title='bbox 1267 717 1494 761; x_wconf 87' lang='lat' dir='ltr'>absumitur</span> <span class='ocrx_word' id='word_1_324' title='bbox 1525 730 1688 775; x_wconf 89' lang='lat' dir='ltr'>tempus</span> <span class='ocrx_word' id='word_1_325' title='bbox 1720 719 1846 776; x_wconf 87' lang='lat' dir='ltr'>longe</span> <span class='ocrx_word' id='word_1_326' title='bbox 1875 719 2017 763; x_wconf 89' lang='lat' dir='ltr'>utilius</span> <span class='ocrx_word' id='word_1_327' title='bbox 2030 719 2312 776; x_wconf 85' lang='lat' dir='ltr'>atquejucun-</span> 
     </span>
     <span class='ocr_line' id='line_1_54' title="bbox 1268 775 2313 832; baseline 0.004 -14"><span class='ocrx_word' id='word_1_328' title='bbox 1268 776 1354 818; x_wconf 85' lang='lat' dir='ltr'>dius</span> <span class='ocrx_word' id='word_1_329' title='bbox 1375 775 1417 818; x_wconf 94' lang='lat' dir='ltr'>in</span> <span class='ocrx_word' id='word_1_330' title='bbox 1434 775 1729 820; x_wconf 86' lang='lat' dir='ltr'>vocabulorum</span> <span class='ocrx_word' id='word_1_331' title='bbox 1743 775 2034 832; x_wconf 85' lang='lat' dir='ltr'>explicatione,</span> <span class='ocrx_word' id='word_1_332' title='bbox 2048 793 2093 820; x_wconf 81' lang='lat' dir='ltr'>ac</span> <span class='ocrx_word' id='word_1_333' title='bbox 2109 777 2313 822; x_wconf 84' lang='lat' dir='ltr'>bonorum</span> 
     </span>
     <span class='ocr_line' id='line_1_55' title="bbox 1269 832 2316 895; baseline 0.002 -19"><span class='ocrx_word' id='word_1_334' title='bbox 1269 832 1482 895; x_wconf 58' lang='lat' dir='ltr'>auctorum</span> <span class='ocrx_word' id='word_1_335' title='bbox 1514 833 1849 889; x_wconf 84' lang='lat' dir='ltr'>interpretatione</span> <span class='ocrx_word' id='word_1_336' title='bbox 1865 834 2157 878; x_wconf 86' lang='lat' dir='ltr'>traducendum</span> <span class='ocrx_word' id='word_1_337' title='bbox 2178 865 2188 877; x_wconf 89' lang='lat'>.</span> <span class='ocrx_word' id='word_1_338' title='bbox 2215 835 2316 878; x_wconf 89' lang='lat' dir='ltr'>Ete-</span> 
     </span>
     <span class='ocr_line' id='line_1_56' title="bbox 1270 890 2314 948; baseline 0.004 -16"><span class='ocrx_word' id='word_1_339' title='bbox 1270 905 1361 933; x_wconf 87' lang='lat' dir='ltr'>nitn</span> <span class='ocrx_word' id='word_1_340' title='bbox 1395 890 1601 946; x_wconf 63' lang='lat' dir='ltr'>praeceptis</span> <span class='ocrx_word' id='word_1_341' title='bbox 1632 890 1765 947; x_wconf 87' lang='lat' dir='ltr'>magis</span> <span class='ocrx_word' id='word_1_342' title='bbox 1794 891 1842 934; x_wconf 91' lang='lat' dir='ltr'>ad</span> <span class='ocrx_word' id='word_1_343' title='bbox 1877 891 2157 945; x_wconf 90' lang='lat' dir='ltr'>scribendum,</span> <span class='ocrx_word' id='word_1_344' title='bbox 2187 906 2314 948; x_wconf 85' lang='lat' dir='ltr'>quarn</span> 
     </span>
     <span class='ocr_line' id='line_1_57' title="bbox 1270 947 2312 1003; baseline 0.001 -12"><span class='ocrx_word' id='word_1_345' title='bbox 1270 947 1318 991; x_wconf 89' lang='lat' dir='ltr'>ad</span> <span class='ocrx_word' id='word_1_346' title='bbox 1352 947 1666 1003; x_wconf 87' lang='lat' dir='ltr'>intelligendum</span> <span class='ocrx_word' id='word_1_347' title='bbox 1697 949 1884 992; x_wconf 87' lang='lat' dir='ltr'>utimur:</span> <span class='ocrx_word' id='word_1_348' title='bbox 1919 949 2084 991; x_wconf 84' lang='lat' dir='ltr'>stultum</span> <span class='ocrx_word' id='word_1_349' title='bbox 2107 949 2158 991; x_wconf 84' lang='lat' dir='ltr'>est</span> <span class='ocrx_word' id='word_1_350' title='bbox 2173 960 2312 992; x_wconf 88' lang='lat' dir='ltr'>autem</span> 
     </span>
     <span class='ocr_line' id='line_1_58' title="bbox 1270 1004 2315 1060; baseline 0.002 -13"><span class='ocrx_word' id='word_1_351' title='bbox 1270 1004 1429 1048; x_wconf 89' lang='lat' dir='ltr'>irretire</span> <span class='ocrx_word' id='word_1_352' title='bbox 1462 1006 1672 1060; x_wconf 83' lang='lat' dir='ltr'>praeceptis</span> <span class='ocrx_word' id='word_1_353' title='bbox 1704 1005 1966 1060; x_wconf 86' lang='lat' dir='ltr'>ignorantem</span> <span class='ocrx_word' id='word_1_354' title='bbox 1987 1004 2117 1048; x_wconf 90' lang='lat' dir='ltr'>adhuc</span> <span class='ocrx_word' id='word_1_355' title='bbox 2138 1005 2315 1049; x_wconf 74' lang='lat' dir='ltr'>vocabu-</span> 
     </span>
     <span class='ocr_line' id='line_1_59' title="bbox 1273 1060 2318 1117; baseline -0.001 -12"><span class='ocrx_word' id='word_1_356' title='bbox 1273 1060 1407 1105; x_wconf 89' lang='lat' dir='ltr'>lorum</span> <span class='ocrx_word' id='word_1_357' title='bbox 1441 1060 1597 1105; x_wconf 86' lang='lat' dir='ltr'>sensum</span> <span class='ocrx_word' id='word_1_358' title='bbox 1628 1062 1673 1106; x_wconf 73' lang='grc' dir='ltr'>ἃ</span> <span class='ocrx_word' id='word_1_359' title='bbox 1703 1061 1818 1106; x_wconf 88' lang='lat' dir='ltr'>usum</span> <span class='ocrx_word' id='word_1_360' title='bbox 1851 1091 1864 1114; x_wconf 89' lang='lat'>,</span> <span class='ocrx_word' id='word_1_361' title='bbox 1910 1061 1979 1117; x_wconf 89' lang='lat' dir='ltr'>qui</span> <span class='ocrx_word' id='word_1_362' title='bbox 2011 1061 2192 1116; x_wconf 64' lang='lat' dir='ltr'>Regendis</span> <span class='ocrx_word' id='word_1_363' title='bbox 2221 1075 2318 1105; x_wconf 86' lang='lat' dir='ltr'>tan-</span> 
     </span>
     <span class='ocr_line' id='line_1_60' title="bbox 1271 1117 2314 1175; baseline 0 -13"><span class='ocrx_word' id='word_1_364' title='bbox 1271 1131 1362 1162; x_wconf 89' lang='lat' dir='ltr'>tum</span> <span class='ocrx_word' id='word_1_365' title='bbox 1406 1117 1601 1175; x_wconf 86' lang='lat' dir='ltr'>arripitur</span> <span class='ocrx_word' id='word_1_366' title='bbox 1639 1117 1968 1174; x_wconf 75' lang='lat' dir='ltr'>explicandisque</span> <span class='ocrx_word' id='word_1_367' title='bbox 2012 1117 2276 1173; x_wconf 85' lang='lat' dir='ltr'>scriptoribus</span> <span class='ocrx_word' id='word_1_368' title='bbox 2302 1148 2314 1162; x_wconf 84' lang='lat'><strong>.</strong></span> 
     </span>
     <span class='ocr_line' id='line_1_61' title="bbox 1271 1175 2316 1231; baseline -0.002 -12"><span class='ocrx_word' id='word_1_369' title='bbox 1271 1178 1460 1230; x_wconf 85' lang='lat' dir='ltr'>Quorum</span> <span class='ocrx_word' id='word_1_370' title='bbox 1492 1175 1786 1219; x_wconf 88' lang='lat' dir='ltr'>consuetudine</span> <span class='ocrx_word' id='word_1_371' title='bbox 1818 1191 1892 1219; x_wconf 88' lang='lat' dir='ltr'>nos</span> <span class='ocrx_word' id='word_1_372' title='bbox 1922 1190 1997 1219; x_wconf 89' lang='lat' dir='ltr'>nec</span> <span class='ocrx_word' id='word_1_373' title='bbox 2019 1175 2237 1231; x_wconf 87' lang='lat' dir='ltr'>opinantes</span> <span class='ocrx_word' id='word_1_374' title='bbox 2254 1190 2316 1218; x_wconf 87' lang='lat' dir='ltr'>re-</span> 
     </span>
     <span class='ocr_line' id='line_1_62' title="bbox 1270 1231 2315 1288; baseline -0.001 -13"><span class='ocrx_word' id='word_1_375' title='bbox 1270 1233 1461 1288; x_wconf 83' lang='lat' dir='ltr'>gularum</span> <span class='ocrx_word' id='word_1_376' title='bbox 1496 1233 1629 1276; x_wconf 89' lang='lat' dir='ltr'>lucem</span> <span class='ocrx_word' id='word_1_377' title='bbox 1655 1235 1799 1276; x_wconf 84' lang='lat' dir='ltr'>animo</span> <span class='ocrx_word' id='word_1_378' title='bbox 1818 1233 2101 1287; x_wconf 78' lang='lat' dir='ltr'>concipimus3</span> <span class='ocrx_word' id='word_1_379' title='bbox 2132 1231 2315 1288; x_wconf 88' lang='lat' dir='ltr'>quamin</span> 
     </span>
     <span class='ocr_line' id='line_1_63' title="bbox 1272 1288 2318 1344; baseline -0.001 -12"><span class='ocrx_word' id='word_1_380' title='bbox 1272 1289 1429 1343; x_wconf 75' lang='lat' dir='ltr'>regulas</span> <span class='ocrx_word' id='word_1_381' title='bbox 1463 1288 1606 1333; x_wconf 86' lang='lat' dir='ltr'>deinde</span> <span class='ocrx_word' id='word_1_382' title='bbox 1638 1289 1750 1333; x_wconf 84' lang='lat' dir='ltr'>stilus</span> <span class='ocrx_word' id='word_1_383' title='bbox 1780 1289 1910 1333; x_wconf 86' lang='lat' dir='ltr'>etiam</span> <span class='ocrx_word' id='word_1_384' title='bbox 1942 1289 2125 1333; x_wconf 87' lang='lat' dir='ltr'>incurret</span> <span class='ocrx_word' id='word_1_385' title='bbox 2152 1289 2231 1344; x_wconf 88' lang='lat' dir='ltr'>ipse</span> <span class='ocrx_word' id='word_1_386' title='bbox 2246 1304 2318 1344; x_wconf 90' lang='lat' dir='ltr'>per</span> 
     </span>
     <span class='ocr_line' id='line_1_64' title="bbox 1273 1345 2318 1402; baseline 0 -13"><span class='ocrx_word' id='word_1_387' title='bbox 1273 1347 1334 1399; x_wconf 90' lang='lat' dir='ltr'>se,</span> <span class='ocrx_word' id='word_1_388' title='bbox 1375 1361 1486 1390; x_wconf 87' lang='lat' dir='ltr'>more</span> <span class='ocrx_word' id='word_1_389' title='bbox 1520 1346 1720 1401; x_wconf 87' lang='lat' dir='ltr'>illorum,</span> <span class='ocrx_word' id='word_1_390' title='bbox 1751 1347 1832 1402; x_wconf 87' lang='lat' dir='ltr'>qui·</span> <span class='ocrx_word' id='word_1_391' title='bbox 1852 1358 2062 1399; x_wconf 86' lang='lat' dir='ltr'>nonarte,</span> <span class='ocrx_word' id='word_1_392' title='bbox 2095 1345 2157 1388; x_wconf 86' lang='lat' dir='ltr'>sed</span> <span class='ocrx_word' id='word_1_393' title='bbox 2172 1358 2318 1389; x_wconf 88' lang='lat' dir='ltr'>natura</span> 
     </span>
     <span class='ocr_line' id='line_1_65' title="bbox 1276 1401 2315 1460; baseline 0 -14"><span class='ocrx_word' id='word_1_394' title='bbox 1276 1403 1526 1460; x_wconf 83' lang='lat' dir='ltr'>loquuntur:</span> <span class='ocrx_word' id='word_1_395' title='bbox 1559 1420 1652 1450; x_wconf 86' lang='lat' dir='ltr'>cum</span> <span class='ocrx_word' id='word_1_396' title='bbox 1686 1419 1735 1447; x_wconf 82' lang='lat' dir='ltr'>ex</span> <span class='ocrx_word' id='word_1_397' title='bbox 1768 1404 1943 1448; x_wconf 85' lang='lat' dir='ltr'>naturali</span> <span class='ocrx_word' id='word_1_398' title='bbox 1977 1401 2184 1447; x_wconf 89' lang='lat' dir='ltr'>locutione</span> <span class='ocrx_word' id='word_1_399' title='bbox 2199 1417 2315 1458; x_wconf 80' lang='lat' dir='ltr'>regu-</span> 
     </span>
     <span class='ocr_line' id='line_1_66' title="bbox 1274 1458 2315 1516; baseline -0.002 -13"><span class='ocrx_word' id='word_1_400' title='bbox 1274 1461 1320 1503; x_wconf 81' lang='lat' dir='ltr'>1ae</span> <span class='ocrx_word' id='word_1_401' title='bbox 1340 1485 1361 1513; x_wconf 90' lang='lat'>·‚</span> <span class='ocrx_word' id='word_1_402' title='bbox 1404 1476 1501 1516; x_wconf 86' lang='lat' dir='ltr'>quas</span> <span class='ocrx_word' id='word_1_403' title='bbox 1532 1460 1750 1514; x_wconf 86' lang='lat' dir='ltr'>discimus,</span> <span class='ocrx_word' id='word_1_404' title='bbox 1781 1461 1960 1505; x_wconf 69' lang='lat' dir='ltr'>colle&amp;ae</span> <span class='ocrx_word' id='word_1_405' title='bbox 1993 1459 2115 1502; x_wconf 84' lang='lat' dir='ltr'>initio</span> <span class='ocrx_word' id='word_1_406' title='bbox 2139 1458 2315 1502; x_wconf 83' lang='lat' dir='ltr'>fuerint.</span> 
     </span>
     <span class='ocr_line' id='line_1_67' title="bbox 1274 1518 2320 1572; baseline -0.001 -13"><span class='ocrx_word' id='word_1_407' title='bbox 1274 1520 1434 1560; x_wconf 86' lang='lat' dir='ltr'>Verum</span> <span class='ocrx_word' id='word_1_408' title='bbox 1466 1518 1561 1572; x_wconf 88' lang='lat' dir='ltr'>quia</span> <span class='ocrx_word' id='word_1_409' title='bbox 1594 1518 1676 1560; x_wconf 85' lang='lat' dir='ltr'>sola</span> <span class='ocrx_word' id='word_1_410' title='bbox 1709 1518 1955 1562; x_wconf 83' lang='lat' dir='ltr'>consuetudo</span> <span class='ocrx_word' id='word_1_411' title='bbox 1989 1532 2072 1560; x_wconf 92' lang='lat' dir='ltr'>non</span> <span class='ocrx_word' id='word_1_412' title='bbox 2086 1529 2320 1560; x_wconf 85' lang='lat' dir='ltr'>arceterro-</span> 
     </span>
     <span class='ocr_line' id='line_1_68' title="bbox 1277 1572 2317 1630; baseline -0.001 -12"><span class='ocrx_word' id='word_1_413' title='bbox 1277 1590 1367 1618; x_wconf 87' lang='lat' dir='ltr'>rum</span> <span class='ocrx_word' id='word_1_414' title='bbox 1403 1575 1631 1630; x_wconf 88' lang='lat' dir='ltr'>periculum</span> <span class='ocrx_word' id='word_1_415' title='bbox 1657 1606 1669 1625; x_wconf 86' lang='lat'>,</span> <span class='ocrx_word' id='word_1_416' title='bbox 1714 1574 1786 1617; x_wconf 80' lang='lat' dir='ltr'>nisi</span> <span class='ocrx_word' id='word_1_417' title='bbox 1820 1575 1954 1630; x_wconf 78' lang='lat' dir='ltr'>praesto</span> <span class='ocrx_word' id='word_1_418' title='bbox 1987 1574 2032 1616; x_wconf 84' lang='lat' dir='ltr'>sit</span> <span class='ocrx_word' id='word_1_419' title='bbox 2065 1572 2195 1626; x_wconf 87' lang='lat' dir='ltr'>ratio,</span> <span class='ocrx_word' id='word_1_420' title='bbox 2226 1587 2317 1629; x_wconf 84' lang='lat' dir='ltr'>quae</span> 
     </span>
     <span class='ocr_line' id='line_1_69' title="bbox 1275 1631 2315 1687; baseline -0.002 -12"><span class='ocrx_word' id='word_1_421' title='bbox 1275 1632 1358 1675; x_wconf 90' lang='lat' dir='ltr'>usui</span> <span class='ocrx_word' id='word_1_422' title='bbox 1390 1631 1547 1675; x_wconf 89' lang='lat' dir='ltr'>tribuat</span> <span class='ocrx_word' id='word_1_423' title='bbox 1574 1631 1890 1686; x_wconf 57' lang='lat' dir='ltr'>audloritatem,</span> <span class='ocrx_word' id='word_1_424' title='bbox 1920 1643 2111 1687; x_wconf 88' lang='lat' dir='ltr'>regatque</span> <span class='ocrx_word' id='word_1_425' title='bbox 2123 1642 2231 1674; x_wconf 84' lang='lat' dir='ltr'>certa</span> <span class='ocrx_word' id='word_1_426' title='bbox 2246 1646 2315 1673; x_wconf 82' lang='lat' dir='ltr'>co·</span> 
     </span>
     <span class='ocr_line' id='line_1_70' title="bbox 1275 1687 2319 1745; baseline -0.004 -13"><span class='ocrx_word' id='word_1_427' title='bbox 1275 1689 1464 1745; x_wconf 86' lang='lat' dir='ltr'>gnitione</span> <span class='ocrx_word' id='word_1_428' title='bbox 1494 1688 1629 1733; x_wconf 84' lang='lat' dir='ltr'>stilum</span> <span class='ocrx_word' id='word_1_429' title='bbox 1650 1688 1883 1743; x_wconf 86' lang='lat' dir='ltr'>scribentis;</span> <span class='ocrx_word' id='word_1_430' title='bbox 1916 1688 2007 1731; x_wconf 80' lang='lat' dir='ltr'>ideo</span> <span class='ocrx_word' id='word_1_431' title='bbox 2025 1687 2232 1742; x_wconf 82' lang='lat' dir='ltr'>postquam</span> <span class='ocrx_word' id='word_1_432' title='bbox 2249 1702 2319 1742; x_wconf 89' lang='lat' dir='ltr'>pe-</span> 
     </span>
     <span class='ocr_line' id='line_1_71' title="bbox 1278 1743 2316 1802; baseline -0.002 -14"><span class='ocrx_word' id='word_1_433' title='bbox 1278 1745 1394 1789; x_wconf 90' lang='lat' dir='ltr'>ritior</span> <span class='ocrx_word' id='word_1_434' title='bbox 1436 1745 1649 1802; x_wconf 87' lang='lat' dir='ltr'>aliquanto</span> <span class='ocrx_word' id='word_1_435' title='bbox 1689 1746 1758 1801; x_wconf 90' lang='lat' dir='ltr'>qui</span> <span class='ocrx_word' id='word_1_436' title='bbox 1804 1744 2054 1799; x_wconf 80' lang='lat' dir='ltr'>explicandis</span> <span class='ocrx_word' id='word_1_437' title='bbox 2084 1743 2316 1787; x_wconf 63' lang='lat' dir='ltr'>auetoribus</span> 
     </span>
     <span class='ocr_line' id='line_1_72' title="bbox 1273 1800 2318 1857; baseline -0.003 -10"><span class='ocrx_word' id='word_1_438' title='bbox 1273 1802 1475 1857; x_wconf 82' lang='lat' dir='ltr'>evaserit,</span> <span class='ocrx_word' id='word_1_439' title='bbox 1508 1803 1534 1846; x_wconf 90' lang='lat' dir='ltr'>fi</span> <span class='ocrx_word' id='word_1_440' title='bbox 1571 1802 1605 1845; x_wconf 93' lang='lat' dir='ltr'>se</span> <span class='ocrx_word' id='word_1_441' title='bbox 1637 1803 1682 1845; x_wconf 88' lang='lat' dir='ltr'>ad</span> <span class='ocrx_word' id='word_1_442' title='bbox 1706 1802 1956 1846; x_wconf 87' lang='lat' dir='ltr'>scribendum</span> <span class='ocrx_word' id='word_1_443' title='bbox 1972 1800 2179 1852; x_wconf 85' lang='lat' dir='ltr'>conferet,</span> <span class='ocrx_word' id='word_1_444' title='bbox 2214 1815 2318 1855; x_wconf 82' lang='lat' dir='ltr'>opus</span> 
     </span>
     <span class='ocr_line' id='line_1_73' title="bbox 1277 1857 2316 1915; baseline -0.004 -12"><span class='ocrx_word' id='word_1_445' title='bbox 1277 1860 1394 1903; x_wconf 87' lang='lat' dir='ltr'>certis</span> <span class='ocrx_word' id='word_1_446' title='bbox 1414 1859 1606 1912; x_wconf 79' lang='lat' dir='ltr'>habebit,</span> <span class='ocrx_word' id='word_1_447' title='bbox 1638 1860 1809 1915; x_wconf 85' lang='lat' dir='ltr'>quibus,</span> <span class='ocrx_word' id='word_1_448' title='bbox 1841 1857 2215 1911; x_wconf 76' lang='lat' dir='ltr'>ducaturlegibus,</span> <span class='ocrx_word' id='word_1_449' title='bbox 2246 1869 2316 1912; x_wconf 86' lang='lat' dir='ltr'>ut,</span> 
     </span>
     <span class='ocr_line' id='line_1_74' title="bbox 1278 1914 2320 1973; baseline -0.003 -13"><span class='ocrx_word' id='word_1_450' title='bbox 1278 1917 1304 1960; x_wconf 86' lang='lat' dir='ltr'>si</span> <span class='ocrx_word' id='word_1_451' title='bbox 1334 1918 1498 1973; x_wconf 89' lang='lat' dir='ltr'>quando</span> <span class='ocrx_word' id='word_1_452' title='bbox 1528 1916 1810 1970; x_wconf 86' lang='lat' dir='ltr'>imprudenter</span> <span class='ocrx_word' id='word_1_453' title='bbox 1839 1917 1888 1958; x_wconf 91' lang='lat' dir='ltr'>ab</span> <span class='ocrx_word' id='word_1_454' title='bbox 1919 1914 2130 1958; x_wconf 61' lang='lat' dir='ltr'>austerum</span> <span class='ocrx_word' id='word_1_455' title='bbox 2152 1916 2320 1957; x_wconf 89' lang='lat' dir='ltr'>consue-</span> 
     </span>
     <span class='ocr_line' id='line_1_75' title="bbox 1275 1972 2318 2026; baseline -0.003 -9"><span class='ocrx_word' id='word_1_456' title='bbox 1275 1974 1415 2017; x_wconf 89' lang='lat' dir='ltr'>tudine</span> <span class='ocrx_word' id='word_1_457' title='bbox 1446 1973 1694 2017; x_wconf 86' lang='lat' dir='ltr'>aberraverit</span> <span class='ocrx_word' id='word_1_458' title='bbox 1717 2004 1730 2026; x_wconf 92' lang='lat'>,</span> <span class='ocrx_word' id='word_1_459' title='bbox 1762 1972 1964 2016; x_wconf 87' lang='lat' dir='ltr'>memoria</span> <span class='ocrx_word' id='word_1_460' title='bbox 1998 1983 2318 2026; x_wconf 72' lang='lat' dir='ltr'>praeceptorum.</span> 
     </span>
     <span class='ocr_line' id='line_1_76' title="bbox 1276 2027 2322 2083; baseline -0.004 -9"><span class='ocrx_word' id='word_1_461' title='bbox 1276 2031 1346 2074; x_wconf 83' lang='lat' dir='ltr'>Est</span> <span class='ocrx_word' id='word_1_462' title='bbox 1376 2031 1490 2074; x_wconf 89' lang='lat' dir='ltr'>enirn</span> <span class='ocrx_word' id='word_1_463' title='bbox 1522 2030 1684 2074; x_wconf 80' lang='lat' dir='ltr'>difficile</span> <span class='ocrx_word' id='word_1_464' title='bbox 1718 2031 1927 2073; x_wconf 89' lang='lat' dir='ltr'>continere</span> <span class='ocrx_word' id='word_1_465' title='bbox 1959 2028 2101 2071; x_wconf 82' lang='lat' dir='ltr'>animo</span> <span class='ocrx_word' id='word_1_466' title='bbox 2129 2027 2322 2083; x_wconf 83' lang='lat' dir='ltr'>exempla</span> 
     </span>
     <span class='ocr_line' id='line_1_77' title="bbox 1277 2084 2321 2143; baseline -0.003 -13"><span class='ocrx_word' id='word_1_467' title='bbox 1277 2088 1431 2143; x_wconf 82' lang='lat' dir='ltr'>singula</span> <span class='ocrx_word' id='word_1_468' title='bbox 1466 2104 1477 2129; x_wconf 75' lang='lat' dir='ltr'><strong><em>z</em></strong></span> <span class='ocrx_word' id='word_1_469' title='bbox 1523 2088 1611 2130; x_wconf 87' lang='lat' dir='ltr'>ideo</span> <span class='ocrx_word' id='word_1_470' title='bbox 1659 2103 1707 2131; x_wconf 87' lang='lat' dir='ltr'>ex</span> <span class='ocrx_word' id='word_1_471' title='bbox 1741 2087 1923 2141; x_wconf 89' lang='lat' dir='ltr'>pluribus</span> <span class='ocrx_word' id='word_1_472' title='bbox 1953 2101 2094 2128; x_wconf 89' lang='lat' dir='ltr'>eorum</span> <span class='ocrx_word' id='word_1_473' title='bbox 2128 2084 2321 2128; x_wconf 85' lang='lat' dir='ltr'>industria</span> 
     </span>
     <span class='ocr_line' id='line_1_78' title="bbox 1277 2141 2321 2199; baseline -0.004 -12"><span class='ocrx_word' id='word_1_474' title='bbox 1277 2143 1487 2188; x_wconf 56' lang='lat' dir='ltr'>conductis</span> <span class='ocrx_word' id='word_1_475' title='bbox 1518 2143 1754 2187; x_wconf 88' lang='lat' dir='ltr'>communis</span> <span class='ocrx_word' id='word_1_476' title='bbox 1785 2144 1967 2199; x_wconf 68' lang='lat' dir='ltr'>quaedam</span> <span class='ocrx_word' id='word_1_477' title='bbox 1994 2141 2321 2194; x_wconf 76' lang='lat' dir='ltr'>fuitcolligenda</span> 
     </span>
     <span class='ocr_line' id='line_1_79' title="bbox 1277 2197 2321 2257; baseline -0.004 -12"><span class='ocrx_word' id='word_1_478' title='bbox 1277 2203 1320 2245; x_wconf 74' lang='grc' dir='ltr'>ὃ(</span> <span class='ocrx_word' id='word_1_479' title='bbox 1364 2202 1569 2244; x_wconf 83' lang='lat' dir='ltr'>evocanda</span> <span class='ocrx_word' id='word_1_480' title='bbox 1615 2200 1720 2243; x_wconf 85' lang='lat' dir='ltr'>ratio</span> <span class='ocrx_word' id='word_1_481' title='bbox 1747 2232 1760 2252; x_wconf 92' lang='lat'>,</span> <span class='ocrx_word' id='word_1_482' title='bbox 1801 2216 1889 2257; x_wconf 81' lang='lat' dir='ltr'>quae</span> <span class='ocrx_word' id='word_1_483' title='bbox 1944 2199 2097 2254; x_wconf 88' lang='lat' dir='ltr'>peperit</span> <span class='ocrx_word' id='word_1_484' title='bbox 2138 2197 2321 2252; x_wconf 79' lang='lat' dir='ltr'>regulam</span> 
     </span>
     <span class='ocr_line' id='line_1_80' title="bbox 1280 2256 2321 2314; baseline -0.005 -13"><span class='ocrx_word' id='word_1_485' title='bbox 1280 2259 1537 2313; x_wconf 79' lang='lat' dir='ltr'>formamque</span> <span class='ocrx_word' id='word_1_486' title='bbox 1594 2271 1790 2314; x_wconf 86' lang='lat' dir='ltr'>perpetuo</span> <span class='ocrx_word' id='word_1_487' title='bbox 1857 2257 2079 2299; x_wconf 79' lang='lat' dir='ltr'>haerentern</span> <span class='ocrx_word' id='word_1_488' title='bbox 2130 2256 2272 2298; x_wconf 85' lang='lat' dir='ltr'>animo</span> <span class='ocrx_word' id='word_1_489' title='bbox 2307 2285 2321 2308; x_wconf 89' lang='lat'>‚</span> 
     </span>
     <span class='ocr_line' id='line_1_81' title="bbox 1279 2314 2319 2370; baseline -0.007 -10"><span class='ocrx_word' id='word_1_490' title='bbox 1279 2315 1624 2370; x_wconf 81' lang='lat' dir='ltr'>cogitationesque</span> <span class='ocrx_word' id='word_1_491' title='bbox 1679 2316 1829 2358; x_wconf 83' lang='lat' dir='ltr'>nostras</span> <span class='ocrx_word' id='word_1_492' title='bbox 1890 2314 2132 2368; x_wconf 80' lang='lat' dir='ltr'>dirigente-m</span> <span class='ocrx_word' id='word_1_493' title='bbox 2159 2343 2172 2365; x_wconf 92' lang='lat'>,</span> <span class='ocrx_word' id='word_1_494' title='bbox 2229 2327 2319 2367; x_wconf 83' lang='lat' dir='ltr'>quae</span> 
     </span>
     <span class='ocr_line' id='line_1_82' title="bbox 1280 2369 2320 2424; baseline -0.004 -8"><span class='ocrx_word' id='word_1_495' title='bbox 1280 2372 1396 2416; x_wconf 89' lang='lat' dir='ltr'>nobis</span> <span class='ocrx_word' id='word_1_496' title='bbox 1456 2371 1553 2415; x_wconf 87' lang='lat' dir='ltr'>adsit</span> <span class='ocrx_word' id='word_1_497' title='bbox 1601 2403 1613 2424; x_wconf 88' lang='lat'>,</span> <span class='ocrx_word' id='word_1_498' title='bbox 1669 2371 1737 2414; x_wconf 90' lang='lat' dir='ltr'>ubi</span> <span class='ocrx_word' id='word_1_499' title='bbox 1794 2370 1984 2423; x_wconf 85' lang='lat' dir='ltr'>exempla</span> <span class='ocrx_word' id='word_1_500' title='bbox 2056 2369 2271 2411; x_wconf 85' lang='lat' dir='ltr'>destituant</span> <span class='ocrx_word' id='word_1_501' title='bbox 2307 2399 2320 2412; x_wconf 84' lang='lat'><strong>.</strong></span> 
     </span>
     <span class='ocr_line' id='line_1_83' title="bbox 1281 2424 2321 2485; baseline -0.007 -12"><span class='ocrx_word' id='word_1_502' title='bbox 1281 2432 1376 2485; x_wconf 80' lang='lat' dir='ltr'>Quo</span> <span class='ocrx_word' id='word_1_503' title='bbox 1421 2429 1528 2473; x_wconf 88' lang='lat' dir='ltr'>circa</span> <span class='ocrx_word' id='word_1_504' title='bbox 1569 2441 1665 2472; x_wconf 90' lang='lat' dir='ltr'>tum</span> <span class='ocrx_word' id='word_1_505' title='bbox 1709 2443 1853 2483; x_wconf 85' lang='lat' dir='ltr'>paucas</span> <span class='ocrx_word' id='word_1_506' title='bbox 1883 2427 1986 2479; x_wconf 60' lang='grc' dir='ltr'>ζ’)</span> <span class='ocrx_word' id='word_1_507' title='bbox 2035 2438 2198 2481; x_wconf 89' lang='lat' dir='ltr'>oportet</span> <span class='ocrx_word' id='word_1_508' title='bbox 2246 2424 2321 2467; x_wconf 76' lang='lat' dir='ltr'>esse</span> 
     </span>
    </p>

    <p class='ocr_par' dir='ltr' id='par_1_8' title="bbox 1355 2495 2325 2537">
     <span class='ocr_line' id='line_1_84' title="bbox 1355 2495 2325 2537; baseline -0.002 -11"><span class='ocrx_word' id='word_1_509' title='bbox 1355 2495 1359 2499; x_wconf 87' lang='lat'>·</span> <span class='ocrx_word' id='word_1_510' title='bbox 2210 2496 2325 2537; x_wconf 84' lang='lat' dir='ltr'>regu·</span> 
     </span>
    </p>
   </div>
   <div class='ocr_carea' id='block_1_6' title="bbox 232 2634 2330 2688">
    <p class='ocr_par' dir='ltr' id='par_1_9' title="bbox 232 2634 2330 2688">
     <span class='ocr_line' id='line_1_85' title="bbox 232 2634 2330 2688; baseline -0.01 0"><span class='ocrx_word' id='word_1_511' title='bbox 232 2650 251 2688; x_wconf 71' lang='grc' dir='ltr'>Ε</span> <span class='ocrx_word' id='word_1_512' title='bbox 273 2648 290 2665; x_wconf 74' lang='lat'>&#39;¹</span> <span class='ocrx_word' id='word_1_513' title='bbox 315 2648 332 2686; x_wconf 83' lang='lat'><em>)</em></span> <span class='ocrx_word' id='word_1_514' title='bbox 359 2650 499 2687; x_wconf 73' lang='lat' dir='ltr'>Scopum</span> <span class='ocrx_word' id='word_1_515' title='bbox 526 2641 686 2676; x_wconf 81' lang='lat' dir='ltr'>orationis</span> <span class='ocrx_word' id='word_1_516' title='bbox 712 2640 787 2674; x_wconf 85' lang='lat' dir='ltr'>satis</span> <span class='ocrx_word' id='word_1_517' title='bbox 814 2641 974 2672; x_wconf 83' lang='lat' dir='ltr'>monstrat</span> <span class='ocrx_word' id='word_1_518' title='bbox 1005 2638 1133 2670; x_wconf 62' lang='lat' dir='ltr'>rubrica</span> <span class='ocrx_word' id='word_1_519' title='bbox 1147 2637 1243 2680; x_wconf 48' lang='lat' dir='ltr'>elus&lt;</span> <span class='ocrx_word' id='word_1_520' title='bbox 1283 2644 1414 2684; x_wconf 64' lang='lat' dir='ltr'>poi-tere</span> <span class='ocrx_word' id='word_1_521' title='bbox 1431 2662 1443 2679; x_wconf 92' lang='lat'>,</span> <span class='ocrx_word' id='word_1_522' title='bbox 1466 2638 1585 2681; x_wconf 85' lang='lat' dir='ltr'>nosque</span> <span class='ocrx_word' id='word_1_523' title='bbox 1609 2647 1646 2670; x_wconf 79' lang='lat' dir='ltr'>ea</span> <span class='ocrx_word' id='word_1_524' title='bbox 1671 2636 1726 2668; x_wconf 82' lang='lat' dir='ltr'>via</span> <span class='ocrx_word' id='word_1_525' title='bbox 1750 2636 1919 2681; x_wconf 85' lang='lat' dir='ltr'>plerosque</span> <span class='ocrx_word' id='word_1_526' title='bbox 1945 2637 2043 2670; x_wconf 84' lang='lat' dir='ltr'>hodie</span> <span class='ocrx_word' id='word_1_527' title='bbox 2069 2637 2103 2669; x_wconf 82' lang='lat' dir='ltr'>i=n</span> <span class='ocrx_word' id='word_1_528' title='bbox 2129 2634 2273 2668; x_wconf 82' lang='lat' dir='ltr'>docenda</span> <span class='ocrx_word' id='word_1_529' title='bbox 2288 2645 2330 2667; x_wconf 77' lang='lat' dir='ltr'>ea</span> 
     </span>
    </p>
   </div>
   <div class='ocr_carea' id='block_1_7' title="bbox 186 2682 1238 3222">
    <p class='ocr_par' dir='ltr' id='par_1_10' title="bbox 186 2682 1238 3222">
     <span class='ocr_line' id='line_1_86' title="bbox 186 2682 1235 2724; baseline -0.01 -1"><span class='ocrx_word' id='word_1_530' title='bbox 186 2691 261 2724; x_wconf 84' lang='lat' dir='ltr'>dem</span> <span class='ocrx_word' id='word_1_531' title='bbox 301 2711 309 2720; x_wconf 89' lang='lat'>.</span> <span class='ocrx_word' id='word_1_532' title='bbox 348 2691 529 2724; x_wconf 80' lang='lat' dir='ltr'>Consilium</span> <span class='ocrx_word' id='word_1_533' title='bbox 569 2697 680 2720; x_wconf 87' lang='lat' dir='ltr'>autem</span> <span class='ocrx_word' id='word_1_534' title='bbox 720 2684 872 2717; x_wconf 60' lang='lat' dir='ltr'>auctoris</span> <span class='ocrx_word' id='word_1_535' title='bbox 911 2682 949 2714; x_wconf 85' lang='lat' dir='ltr'>de</span> <span class='ocrx_word' id='word_1_536' title='bbox 976 2682 1096 2724; x_wconf 76' lang='lat' dir='ltr'>regulis</span> <span class='ocrx_word' id='word_1_537' title='bbox 1125 2683 1235 2722; x_wconf 81' lang='lat' dir='ltr'>paucis</span> 
     </span>
     <span class='ocr_line' id='line_1_87' title="bbox 193 2726 1234 2776; baseline -0.013 -8"><span class='ocrx_word' id='word_1_538' title='bbox 193 2745 299 2776; x_wconf 89' lang='lat' dir='ltr'>puero</span> <span class='ocrx_word' id='word_1_539' title='bbox 322 2735 551 2776; x_wconf 71' lang='lat' dir='ltr'>praeeipiendis</span> <span class='ocrx_word' id='word_1_540' title='bbox 576 2731 683 2765; x_wconf 70' lang='lat' dir='ltr'>cuivis</span> <span class='ocrx_word' id='word_1_541' title='bbox 707 2739 800 2771; x_wconf 77' lang='lat' dir='ltr'>aequo</span> <span class='ocrx_word' id='word_1_542' title='bbox 823 2727 923 2765; x_wconf 73' lang='lat' dir='ltr'>judici</span> <span class='ocrx_word' id='word_1_543' title='bbox 941 2726 1136 2768; x_wconf 83' lang='lat' dir='ltr'>probabitur</span> <span class='ocrx_word' id='word_1_544' title='bbox 1151 2748 1158 2756; x_wconf 92' lang='lat'><strong><em>.</em></strong></span> <span class='ocrx_word' id='word_1_545' title='bbox 1185 2732 1234 2761; x_wconf 65' lang='lat' dir='ltr'>Ut</span> 
     </span>
     <span class='ocr_line' id='line_1_88' title="bbox 190 2770 1235 2819; baseline -0.012 -7"><span class='ocrx_word' id='word_1_546' title='bbox 190 2781 279 2812; x_wconf 84' lang='lat' dir='ltr'>enim</span> <span class='ocrx_word' id='word_1_547' title='bbox 323 2780 507 2819; x_wconf 62' lang='lat' dir='ltr'>regularum</span> <span class='ocrx_word' id='word_1_548' title='bbox 552 2774 766 2810; x_wconf 73' lang='lat' dir='ltr'>multitudine</span> <span class='ocrx_word' id='word_1_549' title='bbox 792 2771 994 2814; x_wconf 81' lang='lat' dir='ltr'>opprimitur</span> <span class='ocrx_word' id='word_1_550' title='bbox 1021 2771 1048 2800; x_wconf 74' lang='grc'>8(</span> <span class='ocrx_word' id='word_1_551' title='bbox 1075 2782 1094 2802; x_wconf 89' lang='lat' dir='ltr'>a</span> <span class='ocrx_word' id='word_1_552' title='bbox 1117 2770 1235 2804; x_wconf 80' lang='lat' dir='ltr'>studio-</span> 
     </span>
     <span class='ocr_line' id='line_1_89' title="bbox 190 2813 1222 2864; baseline -0.009 -7"><span class='ocrx_word' id='word_1_553' title='bbox 190 2834 266 2858; x_wconf 83' lang='lat' dir='ltr'>rum</span> <span class='ocrx_word' id='word_1_554' title='bbox 290 2824 484 2856; x_wconf 71' lang='lat' dir='ltr'>amoenitate</span> <span class='ocrx_word' id='word_1_555' title='bbox 511 2821 684 2864; x_wconf 82' lang='lat' dir='ltr'>repellitur</span> <span class='ocrx_word' id='word_1_556' title='bbox 709 2817 845 2860; x_wconf 85' lang='lat' dir='ltr'>puerilis</span> <span class='ocrx_word' id='word_1_557' title='bbox 871 2824 975 2854; x_wconf 77' lang='lat' dir='ltr'>a-tas;</span> <span class='ocrx_word' id='word_1_558' title='bbox 1002 2813 1043 2846; x_wconf 86' lang='lat' dir='ltr'>sie</span> <span class='ocrx_word' id='word_1_559' title='bbox 1069 2815 1102 2846; x_wconf 91' lang='lat' dir='ltr'>in</span> <span class='ocrx_word' id='word_1_560' title='bbox 1121 2815 1222 2848; x_wconf 68' lang='lat' dir='ltr'>iestio</span> 
     </span>
     <span class='ocr_line' id='line_1_90' title="bbox 191 2859 1236 2908; baseline -0.01 -6"><span class='ocrx_word' id='word_1_561' title='bbox 191 2879 233 2902; x_wconf 75' lang='lat' dir='ltr'>ne</span> <span class='ocrx_word' id='word_1_562' title='bbox 269 2869 299 2900; x_wconf 73' lang='grc' dir='ltr'>δι</span> <span class='ocrx_word' id='word_1_563' title='bbox 338 2867 393 2900; x_wconf 88' lang='lat' dir='ltr'>usu</span> <span class='ocrx_word' id='word_1_564' title='bbox 421 2876 579 2908; x_wconf 76' lang='lat' dir='ltr'>perpetuo</span> <span class='ocrx_word' id='word_1_565' title='bbox 602 2864 774 2898; x_wconf 62' lang='lat' dir='ltr'>anetarum</span> <span class='ocrx_word' id='word_1_566' title='bbox 799 2869 949 2894; x_wconf 82' lang='lat' dir='ltr'>veterum</span> <span class='ocrx_word' id='word_1_567' title='bbox 976 2859 1110 2891; x_wconf 88' lang='lat' dir='ltr'>aluntur</span> <span class='ocrx_word' id='word_1_568' title='bbox 1135 2860 1236 2892; x_wconf 84' lang='lat' dir='ltr'>studia</span> 
     </span>
     <span class='ocr_line' id='line_1_91' title="bbox 193 2901 1235 2955; baseline -0.008 -10"><span class='ocrx_word' id='word_1_569' title='bbox 193 2912 335 2950; x_wconf 76' lang='lat' dir='ltr'>eiusdem</span> <span class='ocrx_word' id='word_1_570' title='bbox 375 2913 494 2955; x_wconf 80' lang='lat' dir='ltr'>regulis</span> <span class='ocrx_word' id='word_1_571' title='bbox 521 2911 629 2945; x_wconf 76' lang='lat' dir='ltr'>paucis</span> <span class='ocrx_word' id='word_1_572' title='bbox 658 2932 665 2939; x_wconf 92' lang='lat'>.</span> <span class='ocrx_word' id='word_1_573' title='bbox 712 2906 854 2940; x_wconf 82' lang='lat' dir='ltr'>Minime</span> <span class='ocrx_word' id='word_1_574' title='bbox 879 2906 967 2937; x_wconf 83' lang='lat' dir='ltr'>enim</span> <span class='ocrx_word' id='word_1_575' title='bbox 996 2901 1235 2937; x_wconf 72' lang='lat' dir='ltr'>suscribendum</span> 
     </span>
     <span class='ocr_line' id='line_1_92' title="bbox 198 2946 1236 2999; baseline -0.012 -11"><span class='ocrx_word' id='word_1_576' title='bbox 198 2965 349 2999; x_wconf 81' lang='lat' dir='ltr'>putamus</span> <span class='ocrx_word' id='word_1_577' title='bbox 385 2946 543 2990; x_wconf 64' lang='lat' dir='ltr'>sententie</span> <span class='ocrx_word' id='word_1_578' title='bbox 580 2965 695 2987; x_wconf 78' lang='lat' dir='ltr'>eorum</span> <span class='ocrx_word' id='word_1_579' title='bbox 723 2974 733 2991; x_wconf 89' lang='lat'>,</span> <span class='ocrx_word' id='word_1_580' title='bbox 770 2950 827 2993; x_wconf 89' lang='lat' dir='ltr'>qui</span> <span class='ocrx_word' id='word_1_581' title='bbox 852 2949 917 2982; x_wconf 84' lang='lat' dir='ltr'>sine</span> <span class='ocrx_word' id='word_1_582' title='bbox 944 2948 1021 2979; x_wconf 83' lang='lat' dir='ltr'>ullis</span> <span class='ocrx_word' id='word_1_583' title='bbox 1047 2950 1165 2989; x_wconf 78' lang='lat' dir='ltr'>regulis</span> <span class='ocrx_word' id='word_1_584' title='bbox 1190 2949 1236 2980; x_wconf 85' lang='lat' dir='ltr'>so-</span> 
     </span>
     <span class='ocr_line' id='line_1_93' title="bbox 192 2993 1237 3042; baseline -0.01 -7"><span class='ocrx_word' id='word_1_585' title='bbox 192 3002 257 3035; x_wconf 79' lang='lat' dir='ltr'>lam</span> <span class='ocrx_word' id='word_1_586' title='bbox 286 3001 459 3035; x_wconf 69' lang='lat' dir='ltr'>lefflonem</span> <span class='ocrx_word' id='word_1_587' title='bbox 486 3000 629 3041; x_wconf 73' lang='lat' dir='ltr'>sufficere</span> <span class='ocrx_word' id='word_1_588' title='bbox 655 3004 773 3041; x_wconf 86' lang='lat' dir='ltr'>putant</span> <span class='ocrx_word' id='word_1_589' title='bbox 801 3018 810 3034; x_wconf 88' lang='lat'>,</span> <span class='ocrx_word' id='word_1_590' title='bbox 847 3003 922 3027; x_wconf 81' lang='lat' dir='ltr'>cuni</span> <span class='ocrx_word' id='word_1_591' title='bbox 950 2993 1083 3042; x_wconf 68' lang='lat' dir='ltr'>longum</span> <span class='ocrx_word' id='word_1_592' title='bbox 1111 2993 1176 3025; x_wconf 87' lang='lat' dir='ltr'>iter</span> <span class='ocrx_word' id='word_1_593' title='bbox 1201 2994 1237 3025; x_wconf 76' lang='lat' dir='ltr'>sl!</span> 
     </span>
     <span class='ocr_line' id='line_1_94' title="bbox 191 3041 1236 3089; baseline -0.011 -9"><span class='ocrx_word' id='word_1_594' title='bbox 191 3058 248 3089; x_wconf 85' lang='lat' dir='ltr'>per</span> <span class='ocrx_word' id='word_1_595' title='bbox 273 3046 431 3088; x_wconf 72' lang='lat' dir='ltr'>exempla</span> <span class='ocrx_word' id='word_1_596' title='bbox 447 3069 457 3086; x_wconf 85' lang='lat'>,</span> <span class='ocrx_word' id='word_1_597' title='bbox 482 3046 582 3079; x_wconf 80' lang='lat' dir='ltr'>breve</span> <span class='ocrx_word' id='word_1_598' title='bbox 608 3054 663 3084; x_wconf 79' lang='lat' dir='ltr'>per</span> <span class='ocrx_word' id='word_1_599' title='bbox 693 3044 855 3084; x_wconf 70' lang='lat' dir='ltr'>praecepta</span> <span class='ocrx_word' id='word_1_600' title='bbox 884 3059 893 3068; x_wconf 84' lang='lat'><strong>·</strong></span> <span class='ocrx_word' id='word_1_601' title='bbox 935 3041 1100 3088; x_wconf 61' lang='lat' dir='ltr'>Quamvis</span> <span class='ocrx_word' id='word_1_602' title='bbox 1124 3048 1236 3071; x_wconf 74' lang='lat' dir='ltr'>autem</span> 
     </span>
     <span class='ocr_line' id='line_1_95' title="bbox 190 3085 1223 3124; baseline -0.011 0"><span class='ocrx_word' id='word_1_603' title='bbox 190 3091 294 3124; x_wconf 83' lang='lat' dir='ltr'>sensus</span> <span class='ocrx_word' id='word_1_604' title='bbox 336 3092 522 3123; x_wconf 78' lang='lat' dir='ltr'>communis</span> <span class='ocrx_word' id='word_1_605' title='bbox 567 3088 684 3120; x_wconf 78' lang='lat' dir='ltr'>docere</span> <span class='ocrx_word' id='word_1_606' title='bbox 711 3085 862 3118; x_wconf 81' lang='lat' dir='ltr'>videatur</span> <span class='ocrx_word' id='word_1_607' title='bbox 892 3103 903 3120; x_wconf 79' lang='lat'>,</span> <span class='ocrx_word' id='word_1_608' title='bbox 943 3090 1057 3124; x_wconf 82' lang='lat' dir='ltr'>ignota</span> <span class='ocrx_word' id='word_1_609' title='bbox 1080 3091 1138 3122; x_wconf 82' lang='lat' dir='ltr'>per</span> <span class='ocrx_word' id='word_1_610' title='bbox 1181 3094 1223 3115; x_wconf 87' lang='lat' dir='ltr'>no</span> 
     </span>
     <span class='ocr_line' id='line_1_96' title="bbox 188 3127 1235 3176; baseline -0.011 -7"><span class='ocrx_word' id='word_1_611' title='bbox 188 3146 221 3169; x_wconf 81' lang='lat' dir='ltr'>ta</span> <span class='ocrx_word' id='word_1_612' title='bbox 246 3135 447 3169; x_wconf 84' lang='lat' dir='ltr'>innotescere</span> <span class='ocrx_word' id='word_1_613' title='bbox 473 3158 484 3175; x_wconf 86' lang='lat'>,</span> <span class='ocrx_word' id='word_1_614' title='bbox 523 3134 667 3176; x_wconf 66' lang='lat' dir='ltr'>adeoque</span> <span class='ocrx_word' id='word_1_615' title='bbox 695 3131 843 3174; x_wconf 74' lang='lat' dir='ltr'>linguam</span> <span class='ocrx_word' id='word_1_616' title='bbox 871 3127 1027 3160; x_wconf 78' lang='lat' dir='ltr'>Latinam</span> <span class='ocrx_word' id='word_1_617' title='bbox 1059 3147 1069 3161; x_wconf 74' lang='lat'><strong><em>‚</em></strong></span> <span class='ocrx_word' id='word_1_618' title='bbox 1096 3127 1183 3168; x_wconf 83' lang='lat' dir='ltr'>quod</span> <span class='ocrx_word' id='word_1_619' title='bbox 1209 3128 1235 3159; x_wconf 70' lang='grc' dir='ltr'>ἃ</span> 
     </span>
     <span class='ocr_line' id='line_1_97' title="bbox 193 3171 1238 3222; baseline -0.009 -9"><span class='ocrx_word' id='word_1_620' title='bbox 193 3180 328 3215; x_wconf 64' lang='lat' dir='ltr'>Austori</span> <span class='ocrx_word' id='word_1_621' title='bbox 368 3180 501 3214; x_wconf 85' lang='lat' dir='ltr'>videtur</span> <span class='ocrx_word' id='word_1_622' title='bbox 525 3188 601 3222; x_wconf 69' lang='lat' dir='ltr'>pag.</span> <span class='ocrx_word' id='word_1_623' title='bbox 629 3184 700 3209; x_wconf 74' lang='lat'>620.</span> <span class='ocrx_word' id='word_1_624' title='bbox 732 3174 852 3217; x_wconf 73' lang='lat' dir='ltr'>regulis</span> <span class='ocrx_word' id='word_1_625' title='bbox 881 3171 1066 3205; x_wconf 86' lang='lat' dir='ltr'>vernaculis</span> <span class='ocrx_word' id='word_1_626' title='bbox 1090 3171 1173 3204; x_wconf 84' lang='lat' dir='ltr'>tradi</span> <span class='ocrx_word' id='word_1_627' title='bbox 1205 3183 1238 3204; x_wconf 94' lang='grc' dir='ltr'>ο-</span> 
     </span>
    </p>
   </div>
   <div class='ocr_carea' id='block_1_8' title="bbox 1283 2680 2342 3212">
    <p class='ocr_par' dir='ltr' id='par_1_11' title="bbox 1283 2680 2342 3212">
     <span class='ocr_line' id='line_1_98' title="bbox 1284 2680 2326 2720; baseline -0.008 -2"><span class='ocrx_word' id='word_1_628' title='bbox 1284 2681 1433 2718; x_wconf 81' lang='lat' dir='ltr'>incedere</span> <span class='ocrx_word' id='word_1_629' title='bbox 1456 2682 1624 2715; x_wconf 84' lang='lat' dir='ltr'>videamus</span> <span class='ocrx_word' id='word_1_630' title='bbox 1646 2703 1657 2720; x_wconf 90' lang='lat'>,</span> <span class='ocrx_word' id='word_1_631' title='bbox 1685 2688 1795 2714; x_wconf 83' lang='lat' dir='ltr'>tamen</span> <span class='ocrx_word' id='word_1_632' title='bbox 1822 2683 1962 2714; x_wconf 76' lang='lat' dir='ltr'>minime</span> <span class='ocrx_word' id='word_1_633' title='bbox 1989 2680 2259 2714; x_wconf 82' lang='lat' dir='ltr'>animadvertere</span> <span class='ocrx_word' id='word_1_634' title='bbox 2285 2680 2326 2711; x_wconf 83' lang='lat' dir='ltr'>li-</span> 
     </span>
     <span class='ocr_line' id='line_1_99' title="bbox 1283 2724 2333 2768; baseline -0.006 -4"><span class='ocrx_word' id='word_1_635' title='bbox 1283 2739 1335 2764; x_wconf 88' lang='lat' dir='ltr'>cet</span> <span class='ocrx_word' id='word_1_636' title='bbox 1363 2748 1375 2764; x_wconf 66' lang='grc' dir='ltr'><strong>ς</strong></span> <span class='ocrx_word' id='word_1_637' title='bbox 1414 2728 1475 2761; x_wconf 82' lang='lat' dir='ltr'>hoe</span> <span class='ocrx_word' id='word_1_638' title='bbox 1500 2724 1639 2759; x_wconf 85' lang='lat' dir='ltr'>docendi</span> <span class='ocrx_word' id='word_1_639' title='bbox 1665 2735 1785 2768; x_wconf 84' lang='lat' dir='ltr'>genere</span> <span class='ocrx_word' id='word_1_640' title='bbox 1809 2728 1955 2759; x_wconf 80' lang='lat' dir='ltr'>multum</span> <span class='ocrx_word' id='word_1_641' title='bbox 1981 2726 2119 2768; x_wconf 84' lang='lat' dir='ltr'>profici.</span> <span class='ocrx_word' id='word_1_642' title='bbox 2148 2725 2216 2759; x_wconf 88' lang='lat' dir='ltr'>Ubi</span> <span class='ocrx_word' id='word_1_643' title='bbox 2240 2725 2333 2758; x_wconf 85' lang='lat' dir='ltr'>enim</span> 
     </span>
     <span class='ocr_line' id='line_1_100' title="bbox 1286 2770 2336 2814; baseline -0.004 -9"><span class='ocrx_word' id='word_1_644' title='bbox 1286 2775 1359 2807; x_wconf 83' lang='lat' dir='ltr'>sunt</span> <span class='ocrx_word' id='word_1_645' title='bbox 1391 2795 1401 2812; x_wconf 90' lang='lat'>,</span> <span class='ocrx_word' id='word_1_646' title='bbox 1438 2771 1494 2814; x_wconf 77' lang='lat' dir='ltr'>qui</span> <span class='ocrx_word' id='word_1_647' title='bbox 1519 2780 1607 2804; x_wconf 88' lang='lat' dir='ltr'>nune</span> <span class='ocrx_word' id='word_1_648' title='bbox 1634 2770 1754 2803; x_wconf 73' lang='lat' dir='ltr'>Latine</span> <span class='ocrx_word' id='word_1_649' title='bbox 1780 2771 1898 2804; x_wconf 83' lang='lat' dir='ltr'>melius</span> <span class='ocrx_word' id='word_1_650' title='bbox 1926 2771 2096 2810; x_wconf 81' lang='lat' dir='ltr'>scribant,</span> <span class='ocrx_word' id='word_1_651' title='bbox 2123 2780 2223 2813; x_wconf 85' lang='lat' dir='ltr'>quam</span> <span class='ocrx_word' id='word_1_652' title='bbox 2249 2770 2336 2802; x_wconf 88' lang='lat' dir='ltr'>olim</span> 
     </span>
     <span class='ocr_line' id='line_1_101' title="bbox 1285 2813 2332 2857; baseline -0.006 -6"><span class='ocrx_word' id='word_1_653' title='bbox 1285 2817 1444 2853; x_wconf 76' lang='lat' dir='ltr'>Politiani</span> <span class='ocrx_word' id='word_1_654' title='bbox 1459 2838 1470 2855; x_wconf 86' lang='lat'>,</span> <span class='ocrx_word' id='word_1_655' title='bbox 1495 2814 1661 2849; x_wconf 84' lang='lat' dir='ltr'>Turnebii</span> <span class='ocrx_word' id='word_1_656' title='bbox 1676 2837 1687 2845; x_wconf 85' lang='lat'><em>.</em></span> <span class='ocrx_word' id='word_1_657' title='bbox 1713 2815 1869 2857; x_wconf 73' lang='lat' dir='ltr'>scaligeri</span> <span class='ocrx_word' id='word_1_658' title='bbox 1884 2841 1893 2852; x_wconf 81' lang='grc'>,</span> <span class='ocrx_word' id='word_1_659' title='bbox 1913 2816 2096 2850; x_wconf 77' lang='lat' dir='ltr'>Casauboni</span> <span class='ocrx_word' id='word_1_660' title='bbox 2113 2838 2124 2853; x_wconf 91' lang='lat'>,</span> <span class='ocrx_word' id='word_1_661' title='bbox 2142 2813 2306 2848; x_wconf 84' lang='lat' dir='ltr'>Gronovii</span> <span class='ocrx_word' id='word_1_662' title='bbox 2319 2834 2332 2853; x_wconf 88' lang='lat'>‚</span> 
     </span>
     <span class='ocr_line' id='line_1_102' title="bbox 1286 2858 2335 2903; baseline -0.004 -8"><span class='ocrx_word' id='word_1_663' title='bbox 1286 2864 1324 2895; x_wconf 76' lang='lat' dir='ltr'>iis</span> <span class='ocrx_word' id='word_1_664' title='bbox 1349 2862 1446 2898; x_wconf 78' lang='lat' dir='ltr'>annis</span> <span class='ocrx_word' id='word_1_665' title='bbox 1473 2859 1543 2893; x_wconf 86' lang='lat' dir='ltr'>nati</span> <span class='ocrx_word' id='word_1_666' title='bbox 1563 2881 1575 2898; x_wconf 86' lang='lat'><strong>‚</strong></span> <span class='ocrx_word' id='word_1_667' title='bbox 1599 2859 1718 2903; x_wconf 90' lang='lat' dir='ltr'>quibus</span> <span class='ocrx_word' id='word_1_668' title='bbox 1744 2859 1866 2903; x_wconf 71' lang='lat' dir='ltr'>regu&#39;iae</span> <span class='ocrx_word' id='word_1_669' title='bbox 1885 2861 1997 2893; x_wconf 73' lang='lat' dir='ltr'>Latini</span> <span class='ocrx_word' id='word_1_670' title='bbox 2015 2859 2173 2894; x_wconf 82' lang='lat' dir='ltr'>sermonis</span> <span class='ocrx_word' id='word_1_671' title='bbox 2188 2858 2335 2891; x_wconf 86' lang='lat' dir='ltr'>nondum</span> 
     </span>
     <span class='ocr_line' id='line_1_103' title="bbox 1288 2903 2338 2948; baseline -0.005 -9"><span class='ocrx_word' id='word_1_672' title='bbox 1288 2908 1344 2940; x_wconf 80' lang='lat' dir='ltr'>uisi</span> <span class='ocrx_word' id='word_1_673' title='bbox 1372 2906 1488 2942; x_wconf 77' lang='lat' dir='ltr'>Latine</span> <span class='ocrx_word' id='word_1_674' title='bbox 1516 2903 1735 2936; x_wconf 74' lang='lat' dir='ltr'>tradebantur</span> <span class='ocrx_word' id='word_1_675' title='bbox 1761 2927 1770 2935; x_wconf 87' lang='lat'><strong><em>.</em></strong></span> <span class='ocrx_word' id='word_1_676' title='bbox 1801 2907 1918 2948; x_wconf 80' lang='lat' dir='ltr'>Itaque</span> <span class='ocrx_word' id='word_1_677' title='bbox 1944 2905 2116 2938; x_wconf 81' lang='lat' dir='ltr'>dicendum</span> <span class='ocrx_word' id='word_1_678' title='bbox 2143 2904 2187 2935; x_wconf 83' lang='lat' dir='ltr'>est</span> <span class='ocrx_word' id='word_1_679' title='bbox 2205 2925 2215 2940; x_wconf 91' lang='lat'><strong>‚</strong></span> <span class='ocrx_word' id='word_1_680' title='bbox 2244 2912 2338 2938; x_wconf 68' lang='lat' dir='ltr'>reeu-</span> 
     </span>
     <span class='ocr_line' id='line_1_104' title="bbox 1288 2946 2341 2992; baseline -0.006 -8"><span class='ocrx_word' id='word_1_681' title='bbox 1288 2954 1333 2984; x_wconf 73' lang='lat' dir='ltr'>las</span> <span class='ocrx_word' id='word_1_682' title='bbox 1362 2952 1499 2987; x_wconf 77' lang='lat' dir='ltr'>Latinas</span> <span class='ocrx_word' id='word_1_683' title='bbox 1529 2959 1659 2990; x_wconf 85' lang='lat' dir='ltr'>quoque</span> <span class='ocrx_word' id='word_1_684' title='bbox 1690 2970 1702 2987; x_wconf 89' lang='lat'>,</span> <span class='ocrx_word' id='word_1_685' title='bbox 1742 2947 1764 2980; x_wconf 83' lang='lat' dir='ltr'>fi</span> <span class='ocrx_word' id='word_1_686' title='bbox 1789 2960 1897 2991; x_wconf 81' lang='lat' dir='ltr'>paucae</span> <span class='ocrx_word' id='word_1_687' title='bbox 1924 2951 2014 2988; x_wconf 76' lang='lat' dir='ltr'>sint,</span> <span class='ocrx_word' id='word_1_688' title='bbox 2037 2949 2139 2992; x_wconf 84' lang='lat' dir='ltr'>iisque</span> <span class='ocrx_word' id='word_1_689' title='bbox 2166 2959 2184 2979; x_wconf 83' lang='lat' dir='ltr'>a</span> <span class='ocrx_word' id='word_1_690' title='bbox 2210 2946 2341 2979; x_wconf 80' lang='lat' dir='ltr'>fidoin-</span> 
     </span>
     <span class='ocr_line' id='line_1_105' title="bbox 1288 2992 2339 3039; baseline -0.005 -12"><span class='ocrx_word' id='word_1_691' title='bbox 1288 3006 1432 3039; x_wconf 74' lang='lat' dir='ltr'>tei-prete</span> <span class='ocrx_word' id='word_1_692' title='bbox 1464 2995 1524 3025; x_wconf 81' lang='lat' dir='ltr'>lux</span> <span class='ocrx_word' id='word_1_693' title='bbox 1554 2992 1743 3025; x_wconf 76' lang='lat' dir='ltr'>effundatur</span> <span class='ocrx_word' id='word_1_694' title='bbox 1770 3015 1782 3033; x_wconf 88' lang='lat'>,</span> <span class='ocrx_word' id='word_1_695' title='bbox 1810 2995 1914 3026; x_wconf 73' lang='lat' dir='ltr'>etiam</span> <span class='ocrx_word' id='word_1_696' title='bbox 1941 2993 1994 3026; x_wconf 75' lang='lat' dir='ltr'>sua</span> <span class='ocrx_word' id='word_1_697' title='bbox 2020 2993 2203 3027; x_wconf 81' lang='lat' dir='ltr'>Latinitate</span> <span class='ocrx_word' id='word_1_698' title='bbox 2227 2992 2339 3030; x_wconf 83' lang='lat' dir='ltr'>juvare</span> 
     </span>
     <span class='ocr_line' id='line_1_106' title="bbox 1289 3034 2341 3080; baseline -0.006 -8"><span class='ocrx_word' id='word_1_699' title='bbox 1289 3041 1446 3076; x_wconf 62' lang='lat' dir='ltr'>discentes</span> <span class='ocrx_word' id='word_1_700' title='bbox 1474 3060 1484 3077; x_wconf 89' lang='lat'><strong>‚</strong></span> <span class='ocrx_word' id='word_1_701' title='bbox 1530 3046 1565 3070; x_wconf 81' lang='lat' dir='ltr'>ut</span> <span class='ocrx_word' id='word_1_702' title='bbox 1603 3037 1680 3070; x_wconf 88' lang='lat' dir='ltr'>dum</span> <span class='ocrx_word' id='word_1_703' title='bbox 1707 3037 1852 3080; x_wconf 76' lang='lat' dir='ltr'>&#39;regulas</span> <span class='ocrx_word' id='word_1_704' title='bbox 1876 3038 2004 3071; x_wconf 60' lang='lat' dir='ltr'>dis-&lt;unt</span> <span class='ocrx_word' id='word_1_705' title='bbox 2030 3060 2042 3077; x_wconf 86' lang='lat'>,</span> <span class='ocrx_word' id='word_1_706' title='bbox 2067 3034 2221 3078; x_wconf 70' lang='lat' dir='ltr'>exempla</span> <span class='ocrx_word' id='word_1_707' title='bbox 2245 3034 2341 3066; x_wconf 74' lang='lat' dir='ltr'>simui</span> 
     </span>
     <span class='ocr_line' id='line_1_107' title="bbox 1290 3081 2342 3123; baseline -0.011 -2"><span class='ocrx_word' id='word_1_708' title='bbox 1290 3088 1455 3121; x_wconf 53' lang='lat' dir='ltr'>imbibant</span> <span class='ocrx_word' id='word_1_709' title='bbox 1488 3105 1499 3121; x_wconf 57' lang='grc' dir='ltr'><strong>φ</strong></span> <span class='ocrx_word' id='word_1_710' title='bbox 1540 3081 1709 3123; x_wconf 70' lang='lat' dir='ltr'>imprimis</span> <span class='ocrx_word' id='word_1_711' title='bbox 1735 3092 1810 3115; x_wconf 82' lang='lat' dir='ltr'>cum</span> <span class='ocrx_word' id='word_1_712' title='bbox 1849 3083 2023 3116; x_wconf 85' lang='lat' dir='ltr'>contentio</span> <span class='ocrx_word' id='word_1_713' title='bbox 2063 3081 2251 3114; x_wconf 81' lang='lat' dir='ltr'>industriam</span> <span class='ocrx_word' id='word_1_714' title='bbox 2284 3089 2342 3111; x_wconf 87' lang='lat' dir='ltr'>no-</span> 
     </span>
     <span class='ocr_line' id='line_1_108' title="bbox 1294 3122 2342 3176; baseline -0.007 -14"><span class='ocrx_word' id='word_1_715' title='bbox 1294 3133 1385 3165; x_wconf 25' lang='lat' dir='ltr'>stram</span> <span class='ocrx_word' id='word_1_716' title='bbox 1409 3136 1535 3176; x_wconf 59' lang='lat' dir='ltr'>acuat,</span> <span class='ocrx_word' id='word_1_717' title='bbox 1568 3127 1746 3170; x_wconf 85' lang='lat' dir='ltr'>eademque</span> <span class='ocrx_word' id='word_1_718' title='bbox 1774 3127 1878 3160; x_wconf 69' lang='lat' dir='ltr'>nimia</span> <span class='ocrx_word' id='word_1_719' title='bbox 1904 3137 2012 3162; x_wconf 86' lang='lat' dir='ltr'>rerum</span> <span class='ocrx_word' id='word_1_720' title='bbox 2038 3124 2270 3160; x_wconf 76' lang='lat' dir='ltr'>discendarum</span> <span class='ocrx_word' id='word_1_721' title='bbox 2293 3122 2342 3155; x_wconf 77' lang='lat' dir='ltr'>fa-</span> 
     </span>
     <span class='ocr_line' id='line_1_109' title="bbox 1295 3177 1675 3212; baseline -0.011 -5"><span class='ocrx_word' id='word_1_722' title='bbox 1295 3177 1424 3212; x_wconf 85' lang='lat' dir='ltr'>cilitate</span> <span class='ocrx_word' id='word_1_723' title='bbox 1452 3180 1675 3206; x_wconf 71' lang='lat' dir='ltr'>remittatur.</span> 
     </span>
    </p>
   </div>
  </div>
 </body>
</html>
