2451 3470
2127 159 2200 216 73

306 207 1974 363 ORATIO

962 426 1293 480 PRO

64 550 1126 658 ROMANIS
1245 553 2194 665 LEGIBUS

259 723 366 766 An
427 699 822 768 MAGNUM
883 726 1468 773 MOSCHORUM
1527 729 1988 783 REGEM.(*)

99 915 452 941 ἔξει-ἒξ
530 897 622 939 Uos
682 895 858 940 honores
904 896 1107 942 Heroibus
1155 898 1270 951 Maia
1310 900 1354 944 δι
1390 902 1493 952 Jove
1523 900 1684 947 Saturni
1717 900 1803 946 filio
1828 903 2087 948 Mercurium
2119 922 2192 961 pe-

92 951 171 972 ‘53‘
189 956 207 958 ”
226 956 321 975 '⁴²²2'
408 965 487 984 5³³<
546 953 650 996 olim
685 954 761 997 suis
790 954 1023 1009 ingentium
1040 956 1105 999 be·
1155 956 1259 1012 perit
1278 958 1582 1026 utilissimarum
1602 959 1752 1003 artium
1773 960 2058 1004 inventorem.
2074 963 2184 1007 Aliae

444 1014 488 1069 ξ
547 1010 787 1055 neficiorum
839 1012 1003 1066 praemio
1036 1012 1106 1055 tri·
1156 1029 1252 1057 vero
1281 1014 1382 1059 alias
1415 1018 1599 1062 Deorum
1631 1018 1913 1072 generationes
1943 1017 2155 1064 ediderunt
2175 1051 2191 1075 ‚

201 1104 205 1116 ,
404 1111 407 1113 Α
499 1075 503 1079 ’
548 1067 1107 1123 bueratantiquitas,ub6rius
1153 1070 1197 1113 δι
1228 1071 1408 1116 filiorum
1441 1074 1593 1118 virtute
1624 1087 1892 1130 meruerunt,
1924 1089 1970 1119 ut
2001 1075 2191 1121 sideribus

201 1145 205 1155 ·
249 1122 347 1174 ,ψ’
411 1125 422 1127 ”
457 1136 491 1186 ,ςῇ
549 1139 619 1178 tu,
647 1125 1101 1181 fireligiofineretfflo-
1155 1126 1362 1179 Plejadum
1403 1145 1548 1174 omnes
1593 1132 1762 1174 nomine
1811 1147 1833 1174 a
1876 1132 2041 1188 posteris
2083 1134 2190 1178 inse-

550 1184 767 1226 tentiffime
830 1182 1098 1226 Moschorum
1154 1198 1334 1228 rentur·
1382 1187 1455 1229 Ast
1502 1187 1687 1236 Atlantis
1734 1187 1857 1231 frater
1899 1189 2002 1235 alter
2043 1191 2184 1235 Samr-

127 1283 214 1288 ,ᾖ
262 1265 268 1273 -
308 1241 490 1298 δικψ
550 1243 803 1295 Imperator,
837 1232 1259 1337 suscepissesalnus,
1303 1244 1445 1298 procul
1490 1245 1633 1288 Africa
1675 1240 1860 1300 paternas
1904 1259 2008 1290 artes
2038 1248 2081 1290 &
2115 1250 2186 1292 be·

257 1294 280 1303 ²
351 1304 418 1327 ⁶*
474 1297 487 1305 ⁴
550 1296 710 1352 Populis
740 1297 846 1348 tuis,
877 1295 1099 1352 quibusju-
1149 1299 1427 1344 neficientiam
1471 1301 1675 1355 trahens,
1717 1302 1767 1346 ad
1807 1301 1993 1346 Siciliam
2042 1304 2077 1346 se
2122 1318 2186 1348 at-

55 1355 204 1397 vandis
245 1356 289 1398 &
335 1370 477 1400 natura
514 1354 592 1409 ipsa
625 1355 808 1397 locorum
835 1383 847 1406 ‚
891 1354 935 1396 &
965 1369 1100 1397 mores
1146 1371 1223 1411 que
1268 1356 1435 1401 Italiam
1475 1359 1743 1403 excolendam
1786 1359 2016 1415 nostrosque
2046 1376 2184 1405 mores

56 1412 245 1468 gentium
287 1429 427 1457 earum
459 1445 470 1467 ‚
519 1413 562 1454 ὅ(
596 1410 836 1454 mortalium
868 1423 1095 1455 ceterorum
1144 1413 1417 1457 emendandos
1456 1416 1636 1460 eontulit
1663 1448 1677 1470 ,
1706 1428 1827 1472 atque
1859 1428 1989 1460 turres
2019 1431 2185 1463 extrue-

53 1469 198 1524 opinio
219 1499 230 1521 ‚
262 1469 306 1512 in
337 1470 422 1514 dies
453 1487 475 1513 a
506 1485 547 1515 te
566 1466 796 1511 incredibili
823 1466 1016 1511 felicitate
1033 1469 1094 1512 su·
1143 1485 1183 1513 re
1215 1471 1407 1528 urbesque
1439 1473 1601 1517 munire
1635 1474 1773 1517 docuit
1797 1505 1811 1526 ,
1855 1474 2101 1531 suscepitque
2134 1477 2184 1520 de

52 1537 251 1580 perantur
274 1557 283 1567 .
332 1527 373 1569 Si
405 1529 518 1571 enim
552 1542 645 1570 vera
675 1541 696 1569 e
729 1523 837 1567 falsis
866 1525 1059 1569 evolvero
1079 1558 1092 1580 ,
1141 1526 1337 1584 conjugio
1379 1528 1508 1572 Rheae
1549 1530 1692 1574 sororis
1737 1531 1884 1582 Jovem
1910 1563 1923 1584 ,
1954 1532 2024 1587 qui
2057 1547 2187 1576 terra·

53 1582 135 1626 &e
159 1582 322 1626 vetustis
342 1583 625 1628 monumentis
643 1582 903 1636 excitavero,
934 1595 1090 1626 tecum·
1112 1560 1119 1667 Ι
1141 1600 1230 1628 rum
1266 1601 1481 1643 peragrans
1512 1588 1653 1632 orbem
1679 1619 1692 1643 ‚
1723 1588 1767 1631 δε
1799 1599 1942 1644 gentes
1964 1620 1976 1642 ‚
2009 1588 2052 1631 in
2085 1606 2183 1645 quas

55 1653 134 1695 que
164 1640 435 1696 commisero,
467 1657 551 1686 non
584 1639 786 1682 fabulosos
819 1640 910 1682 illos
942 1642 1052 1683 Deos
1074 1673 1086 1694 ‚
1141 1642 1372 1696 incideret,
1414 1644 1463 1687 ad
1496 1643 1788 1689 humaniorem
1823 1643 1950 1689 vitam
1981 1646 2180 1703 usumque

52 1696 117 1739 sed
150 1711 270 1750 vera,
301 1697 344 1740 ὃ(
376 1700 518 1742 nativa
541 1696 730 1752 exempla
748 1697 1091 1751 praestantiffimo-
1140 1699 1354 1744 utiliorum
1386 1700 1539 1745 artium
1573 1702 1811 1757 traducens,
1841 1718 1933 1746 eam
1960 1703 2182 1748 beneficio-

47 1768 143 1802 rum
173 1753 357 1798 virorum
378 1787 390 1809 ,
425 1756 528 1799 unde
561 1756 724 1798 suorum
757 1754 932 1797 nomina
952 1785 966 1807 ‚
996 1771 1085 1797 um·
1138 1771 1230 1800 rum
1265 1758 1436 1813 segetem
1469 1760 1642 1814 protulit
1670 1791 1681 1813 ,
1715 1772 1759 1802 ut
1792 1773 1905 1815 pater
1936 1760 2085 1816 ubique
2118 1761 2181 1804 lo·

49 1809 213 1865 brasque
247 1812 430 1855 Deorum
462 1814 508 1856 ad
544 1813 704 1855 insanos
735 1811 984 1865 Populorum
1000 1811 1084 1854 cul·
1135 1829 1278 1858 corum
1308 1815 1534 1871 appellatus
1565 1832 1650 1860 non
1683 1816 1805 1861 modo
1833 1848 1846 1870 ‚
1888 1818 2017 1872 gratia
2051 1833 2181 1873 popu-

47 1879 114 1910 tus
145 1868 276 1911 Poetae
308 1869 612 1923 perduxerunt,
642 1880 748 1912 certe
780 1867 1004 1912 benefaffls
1037 1868 1085 1911 il·
1136 1870 1270 1915 lorum
1303 1872 1347 1915 δε
1377 1873 1520 1928 opibus
1554 1873 1679 1918 fretus
1705 1906 1717 1928 ‚
1750 1874 1855 1929 patri
1890 1889 2064 1929 regnum
2095 1876 2179 1918 eri-

50 1924 186 1968 lorum
220 1937 287 1968 tua
318 1925 445 1983 longo
477 1925 728 1979 intervallo,
763 1938 850 1969 turn
873 1889 1296 1994 difficulta-lpuerit‚
1329 1928 1389 1973 sed
1422 1931 1504 1986 post
1537 1945 1714 1975 mortem
1747 1932 1791 1974 in
1827 1931 1934 1976 coelo
1965 1948 1989 1975 a
2019 1932 2181 1987 stupore

49 1994 90 2025 te
123 1996 282 2034 rerum,
316 1994 402 2026 tum
425 1984 699 2028 immensitate
719 1982 962 2039 regionum,
994 1996 1084 2026 tum
1135 1986 1357 2030 hominum
1391 1986 1545 2031 locatus
1575 1988 1802 2044 imperium
1834 1989 1878 2032 in
1914 2002 2069 2033 ceteros
2084 1989 2180 2044 opi-

47 2038 223 2092 denique
244 2039 448 2084 infinitate
472 2041 745 2097 populorum,
776 2040 964 2083 antistare
984 2039 1082 2091 judi·
1135 2043 1258 2087 nione
1274 2044 1510 2088 mortalium
1527 2045 1902 2101 occuparit.Ofiris
1917 2062 2035 2100 porro
2051 2047 2175 2102 AEgy-

43 2100 271 2139 cabuntur.
292 2098 480 2141 Heroum
501 2099 617 2141 enim
639 2097 1084 2142 &commentitiorum
1133 2104 1269 2153 ptius,
1300 2101 1344 2144 &
1376 2101 1483 2144 soror
1516 2103 1585 2145 Isis
1604 2135 1616 2156 ,
1650 2102 1756 2146 unde
1787 2102 1994 2146 Bacchum
2029 2103 2175 2162 suum²

49 2152 271 2196 numinum
303 2154 488 2208 germina
510 2155 742 2209 seminaque
759 2153 986 2197 fabularum
1005 2154 1085 2196 fur-
1132 2156 1174 2199 &
1199 2159 1394 2201 Cererem
1416 2159 1548 2202 Graeci
1570 2160 1817 2203 abstulerunt
1833 2191 1845 2211 ‚
1877 2175 2069 2215 agrorum
2086 2161 2174 2204 cul-

49 2223 241 2253 rexerunt
271 2226 321 2253 ex
354 2212 471 2254 rebus
500 2211 810 2255 admirabilibus
833 2212 939 2255 inter
962 2210 1083 2269 Afros
1132 2226 1220 2257 tum
1252 2215 1296 2258 &
1328 2215 1416 2257 vini
1452 2216 1564 2259 usum
1592 2248 1604 2270 ‚
1636 2217 1678 2259 &
1713 2217 2015 2260 frumentorum
2053 2217 2170 2260 satio-

49 2268 302 2323 potiffimum
340 2268 456 2323 gestis
487 2270 589 2324 apud
622 2284 721 2325 quos
750 2268 882 2312 fertur
912 2270 1083 2311 Uranus
1132 2286 1244 2323 nem,
1268 2270 1623 2328 &jungendorum
1639 2287 1919 2318 armentorum
1934 2287 2172 2319 artemium

44 2324 204 2383 Primus
235 2325 538 2378 contemplator
570 2325 741 2368 siderum
774 2325 988 2380 cultorque
1014 2340 1083 2380 po·
1132 2327 1327 2371 finitimis
1352 2360 1363 2377 ‚
1406 2343 1496 2372 tum
1542 2333 1710 2374 remotis
1742 2330 1871 2374 etiam
1906 2331 2063 2387 populis
2100 2336 2172 2373 ln-

46 2382 239 2437 pulorum
288 2383 304 2433 (
340 2383 384 2404 *⁸*
413 2384 431 2432 )
477 2400 522 2426 ac
568 2397 709 2437 parens
760 2382 1088 2426 numerofiffimae
1133 2385 1206 2429 dos
1233 2385 1281 2427 ad
1311 2385 1431 2442 usque
1462 2387 1683 2442 pandentes
1711 2419 1723 2442 ‚
1756 2389 1798 2432 δε
1830 2388 1899 2444 ipli
1934 2387 2071 2432 locum
2106 2390 2169 2432 in-

49 2437 173 2491 prolis
197 2470 211 2491 ‚
260 2454 347 2494 quse
388 2440 596 2482 Titanum
648 2439 803 2482 soboles
827 2471 839 2491 ‚
887 2456 909 2482 a
959 2439 1197 2544 matrelter
1240 2444 1350 2486 Deos
1384 2444 1632 2488 invenerunt
1667 2476 1675 2487 .
1721 2447 1869 2502 Neque
1900 2445 1979 2489 alia
2011 2447 2170 2490 ratione

42 2495 183 2538 Titaea
214 2509 496 2551 nuncupatur.
528 2498 593 2539 Ex
626 2496 771 2552 quibus
805 2495 924 2539 Atlas
955 2510 1087 2552 pater·
1138 2498 1291 2554 reliqua
1333 2500 1495 2543 Saturni
1539 2500 1728 2557 Jovisque
1773 2503 1985 2557 progenies
2018 2518 2173 2546 morta-

49 2568 199 2596 norum
242 2553 462 2596 studiorum
505 2554 705 2597 celebrior
746 2554 961 2596 aemulator
986 2586 997 2606 ‚
1041 2547 1114 2640 acl
1137 2555 1293 2599 litatem
1344 2557 1543 2612 superavit
1569 2590 1582 2612 ‚
1625 2558 1697 2602 nisi
1729 2559 1834 2615 quod
1867 2560 1932 2602 vel
1964 2576 2175 2603 armorum

50 2610 199 2665 septem
245 2609 423 2652 ffl'mrum
470 2612 631 2664 genitor
675 2610 790 2653 fuit:
838 2611 946 2654 inter
990 2627 1113 2667 quas.
1139 2613 1252 2657 usum
1296 2625 1339 2656 ut
1381 2615 1498 2658 Mars
1531 2646 1544 2670 ‚
1593 2615 1656 2660 vel
1688 2617 1929 2673 nuptiarum
1962 2617 2096 2670 ritus,
2129 2632 2173 2659 ut

154 2666 256 2718 Jam'
287 2667 500 2710 Gravinae.
529 2671 643 2711 Tem.
676 2670 734 2711 Π.
1106 2660 1120 2766 Ι
1714 2674 1754 2716 K
1875 2685 1878 2687 ’
2043 2675 2182 2728 JunO,

45 2764 155 2774 ———

91 2792 159 2826 1*l
199 2795 248 2824 De
286 2790 435 2823 oratione
475 2792 533 2824 bac
560 2792 645 2826 nibil
669 2804 798 2826 certum
826 2795 967 2826 relatum
996 2795 1083 2838 legi.

47 2838 158 2878 ,Quare
189 2836 254 2868 fine
280 2834 392 2869 fraude
419 2836 499 2869 m3hi
525 2839 590 2870 esto
617 2860 627 2877 ‚
671 2839 692 2870 fi
718 2848 783 2880 qua
806 2849 825 2870 a
854 2850 933 2871 vero
957 2838 1083 2871 aberra—

45 2881 91 2913 rit
117 2880 304 2919 conicetura
333 2892 428 2913 mea.
467 2884 644 2914 Peraverat
669 2883 770 2924 igitur
787 2906 797 2923 ‚
839 2883 936 2915 credo
962 2907 972 2922 ,
1004 2883 1085 2917 hanc

45 2925 234 2959 orationem
262 2925 386 2958 Αυξῖοτ
409 2937 496 2957 anno
527 2929 619 2965 1698.
644 2937 719 2958 eum
747 2928 864 2960 Petrus
882 2931 907 2960 1.
924 2927 1083 2962 Moscho-

46 2980 120 3003 rum
163 2969 374 3012 αυτοκροίτωρ
395 2969 459 3007 jan:
491 2972 624 3002 viennae
647 2978 758 3012 agent
774 2991 783 3005 ,
812 2973 841 3002 8(
868 2973 931 3004 iter
952 2973 988 3004 in
1017 2977 1079 3007 lta·
1100 2993 1111 3096 1

632 2767 751 2776 ——.
980 2765 1273 2776 *Ἀ-

1134 2795 1214 2828 fiffet
1251 2796 1384 2830 tandem
1421 2799 1593 2840 impetrari
1617 2811 1635 2832 a
1665 2798 1696 2832 se
1720 2797 1822 2839 passus
1846 2800 1914 2837 est,
1951 2807 1988 2832 ut
2011 2810 2046 2832 ea
2074 2801 2173 2831 Anno

1139 2851 1231 2882 ¹707·
1272 2841 1445 2875 ederetur.
1489 2846 1583 2876 Hunc
1618 2842 1707 2877 enim
1729 2852 1852 2876 annum
1877 2843 2008 2885 praefen
2033 2844 2171 2876 subscri-

1134 2887 1225 2926 ptio.
1266 2887 1343 2929 Agit
1381 2896 1491 2921 autern
1515 2888 1549 2920 id
1574 2887 1723 2927 Auctor,
1755 2896 1791 2920 ut
1816 2890 1916 2920 Petro
1948 2887 2109 2930 suc-ipim}
2137 2900 2170 2920 :n

1135 2929 1277 2972 primum
1305 2932 1396 2963 usum
1423 2933 1532 2974 legum
1553 2936 1779 2965 Romanarum
1794 2953 1805 2971 ‚
1833 2940 1904 2965 tum
1921 2931 2083 2974 religion<r
2102 2935 2162 2963 Ro-

1133 2975 1431 3009 mane-Catholicae
1466 2977 1695 3018 persuaderet.
1732 2979 1779 3008 De
1816 2987 1955 3019 utroque
1980 2985 2092 3009 tamen
2118 2987 2164 3006 ar-

30 3015 124 3060 ‘liam
149 3017 324 3047 moliretur
348 3035 358 3053 ‚
401 3026 419 3046 a
443 3025 508 3057 quo
533 3023 648 3046 tamen
673 3015 852 3048 rebellione
876 3015 1008 3050 suorum
1034 3027 1081 3049 re-
1130 3028 1288 3055 gumento
1324 3030 1421 3062 parce
1463 3025 1558 3064 agit.
1581 3024 1670 3054 Nam
1695 3030 1813 3063 magna
1839 3031 1913 3063 pars
1936 3018 2097 3053 orationis
2121 3023 2165 3059 ip-

43 3067 180 3094 vocatus
207 3060 251 3092 est
270 3081 278 3089 .
302 3059 441 3092 Proinde
465 3061 525 3092 etsi
549 3060 650 3092 tertia
674 3058 797 3091 abhinc
823 3061 939 3103 pagina
967 3064 1080 3094 Petrus
1129 3062 1188 3101 lius
1213 3064 1303 3096 Petri
1332 3064 1483 3098 laudibus
1507 3065 1689 3099 absolvitur
1704 3088 1716 3105 ,
1739 3073 1811 3098 tum
1822 3075 1950 3108 quoque
1966 3066 2133 3107 vituperio
2149 3086 2166 3104 ,

44 3112 231 3136 extremam
259 3101 323 3140 iam
343 3104 475 3136 Italiam
504 3113 696 3147 pervagatus
722 3102 879 3143 dicatur,
915 3113 1026 3138 tamen
1047 3104 1078 3136 id
1101 3100 1108 3125 ¹
1128 3108 1162 3139 in
1186 3108 1273 3149 quod
1298 3107 1483 3148 dilabitur,
1510 3111 1722 3143 Tui-carum.

45 3147 112 3179 sola
151 3147 203 3189 spe
243 3148 450 3190 suscipiendae
491 3147 706 3190 profectionis
744 3148 867 3181 distum
896 3159 1049 3190 putamus
1070 3171 1076 3178 .
1173 3152 1271 3191 [⁴³⁴¹]
1311 3153 1434 3186 Malim
1458 3161 1612 3197 tutorque
1636 3152 1837 3197 populorum
1860 3175 1870 3193 ‚
1908 3161 1944 3186 ut
1970 3152 2088 3195 pagina
2113 3150 2159 3183 se-

44 3194 130 3226 cum
156 3193 232 3226 dein
255 3194 445 3228 orationem
468 3204 527 3236 per
552 3203 658 3226 annos
682 3193 820 3226 omnino
843 3204 964 3227 novem
992 3192 1077 3237 pres·
1126 3194 1266 3238 quenti.
