2451 3470
527 54 902 173 JUR1s.
970 96 1894 153 R-ECEPTIORIS.

106 191 201 225 cum
234 175 448 221 definiatur
481 173 747 219 contre&atio
779 171 1003 216 fraudolosa
1023 171 1137 216 lucri
1191 185 1280 218 tans
1313 171 1387 217 else
1423 172 1535 217 suam
1569 171 1769 217 violenter
1801 173 2017 220 invaserit.

107 235 287 281 faciendi
318 234 473 290 gratia,
504 231 568 276 vel
596 230 713 287 ipsius
726 231 813 285 rei,
846 229 1011 274 velusus
1026 228 1140 283 ejus,

108 291 413 350 possessionisve:
431 305 518 348 quae
531 288 798 334 contrefflatio
815 288 868 330 ad
878 301 962 330 rem
978 298 1139 330 tantum

105 348 306 395 mobilem
335 348 525 404 respicit,
554 361 642 402 quae
656 345 760 389 trahi
775 344 963 407 manibus
989 343 1137 399 potest.

164 405 278 449 Furti
300 421 423 461 poena
451 398 501 449 ἐξ
534 402 717 448 Praetoris
738 402 884 451 Edicto
902 401 957 444 est
971 401 1144 456 quadru-

108 462 225 520 plum
257 465 313 507 rei
348 464 538 517 subreptae
565 472 707 516 praeter
732 473 818 502 rem
835 458 1020 520 ipsam-in
1038 456 1145 499 sui-to

108 520 352 575 manifesto,
383 535 434 564 ex
459 519 568 562 furto
602 532 699 560 vero
720 531 804 558 non
832 514 1047 577 manifesto
1072 516 1143 557 du-

112 578 225 634 plum
243 610 253 621 .
272 577 444 622 Recenti
457 592 553 620 vero
567 572 758 618 Friderici
776 574 1040 627 Imperatoris
1053 586 1146 614 con.

112 635 321 678 stitutione
365 634 523 678 furtum
547 632 726 689 quinque
753 630 972 675 solidorum
1005 628 1146 692 laqueo

116 692 284 747 punitur
317 707 329 745 3
378 690 549 736 minoris
576 704 671 733 vero
701 688 865 730 summat
901 685 1146 750 laceratione

113 748 336 803 Corporis:
352 750 416 800 (a)
431 763 525 791 cum
539 747 662 790 etiam
678 745 720 788 in
736 742 917 786 Novella
933 743 1147 794 Iustiniani

119 815 135 843 1
150 820 213 860 34.
228 816 310 860 cap.
331 806 401 846 ult.
414 805 522 846 auth.
539 803 597 847 sed
614 815 721 845 novo
736 801 827 852 Jure
840 803 890 844 C.
903 798 1144 854 deswufu·

111 856 184 917 gi't.
201 861 421 914 corporalis
437 859 552 914 paen‘a'
561 860 706 902 statuta
718 858 762 900 in
775 856 884 899 furto
900 855 1029 899 fuisset
1044 887 1054 899 .

170 919 228 961 Et
260 914 528 969 fur'dicitur,
560 931 606 959 ac
637 912 1148 957 fraudulentercontreffl-

113 987 155 1017 re
186 972 433 1028 intelligitur
463 973 588 1016 etiam
618 971 687 1027 qui
721 986 806 1014 rem
837 971 1142 1014 commodatam

111 1029 156 1073 in
189 1030 277 1073 usus
309 1029 498 1083 transfert
531 1029 600 1072 fibi
630 1043 715 1072 non
746 1027 952 1083 permissos
984 1044 1006 1071 a
1036 1043 1147 1071 com-

110 1086 303 1133 modante
324 1117 338 1140 ,
369 1086 434 1130 vel
463 1086 536 1142 qui
565 1084 742 1142 deposita
773 1100 813 1128 re
846 1116 859 1138 ‚
890 1097 961 1128 aut
993 1084 1137 1141 pigno-

111 1143 221 1187 ribus
252 1143 383 1187 utitur
413 1156 558 1200 praeter
589 1154 774 1186 mentem
806 1142 849 1185 &
881 1141 1138 1185 voluntatem

100 1200 331 1244 debitoris:
366 1200 589 1244 dummodo
623 1199 718 1243 sciat
750 1213 818 1242 eos
851 1197 1040 1243 sibi'usus
1071 1198 1144 1241 esse

109 1256 388 1311 interdifios,
437 1257 622 1314 alioquin
673 1255 829 1300 furtum
872 1255 961 1300 srne-
985 1256 1143 1300 furandi

109 1313 255 1358 affe&u
287 1315 460 1358 minime
492 1311 807 1358 committetur.

165 1371 323 1415 Cadere
355 1371 478 1426 potest
509 1371 666 1413 furtum
687 1370 729 1412 in
752 1384 837 1412 rem
859 1369 983 1412 etiam
1007 1370 1115 1413 suam
1135 1404 1143 1422 ,

107 1426 233 1471 veluti
268 1428 294 1470 s1
325 1427 482 1470 debitor
515 1427 703 1481 surripiat
735 1426 942 1469 Creditori
974 1428 1145 1482 pignus,

111 1483 343 1527 intervertit
374 1483 488 1527 enim
520 1483 920 1538 illi-possessionem.

164 1541 256 1583 Nec
300 1540 428 1583 solum
471 1541 540 1597 qui
574 1540 651 1596 ipse
686 1540 840 1603 furetur
870 1571 881 1593 ‚
915 1539 973 1582 sed
1005 1541 1047 1583 ἃ
1078 1543 1149 1604 quj.

102 1612 226 1651 opem
268 1597 563 1654 consiliumque
607 1596 759 1640 furanti
804 1597 1015 1652 praebuerit
1047 1596 1142 1642 furti

104 1653 279 1697 crimine
310 1655 565 1698 involvitur.

162 1711 286 1753 Furto
317 1712 449 1754 affinis
479 1712 532 1754 est
563 1709 730 1765 rapina,
764 1725 858 1752 cu1n
891 1709 989 1765 quid
1018 1710 1138 1755 alicui

109 1766 310 1810 violenter
339 1768 534 1822 eripitur,
567 1769 672 1822 quod
705 1766 862 1809 crimen
895 1780 1037 1820 praeter
1070 1783 1127 1823 pae

109 1839 208 1867 nam
252 1824 504 1880 quadrupli,
553 1838 622 1867 aut
663 1823 774 1876 dupli
820 1839 842 1865 a
877 1824 1048 1867 Praetore
1081 1825 1143 1867 in-

105 1880 294 1934 duetam,
327 1881 412 1937 lege
445 1883 572 1924 etiam
604 1880 803 1924 Cornelia
836 1891 995 1924 tenetur
1025 1881 1072 1924 de
1105 1885 1140 1924 vi

109 1937 273 1992 publica
300 1969 311 1990 ,
356 1937 419 1980 vel
465 1938 622 1993 privata
648 1969 661 1992 ‚
691 1938 737 1981 de
768 1953 846 1993 qua
878 1938 920 1981 in
953 1937 1074 1983 titulo
1099 1939 1143 1982 de

110 1993 281 2049 publicis
312 1993 471 2046 judiciis
497 1995 625 2057 ..(6)

166 2047 222 2092 Et
254 2050 279 2093 si
313 2066 433 2103 vero,
463 2066 535 2107 qut
568 2066 652 2094 rem
685 2050 888 2122 violte'nter
920 2064 989 2095 aut
1027 2051 1142 2102 clam

102 2106 241 2150 >aufert
266 2138 279 2158 ‚
323 2121 468 2162 putans
499 2107 573 2151 esse
606 2108 714 2150 suam
744 2139 756 2160 ,
788 2107 853 2150 fur
895 2121 965 2158 aut
999 2114 1152 2172 raptor-

107 2178 190 2206 non
233 2164 426 2218 dicatur3
469 2177 608 2207 tamen
642 2179 700 2207 ne.
723 2175 796 2219 ¹per
829 2164 989 2208 causam
1022 2181 1145 2221 igno,-

107 2221 250 2263 rantiae
293 2221 383 2276 quis
425 2221 568 2264 evadat
616 2214 806 2264 audaeior
835 2222 878 2264 &
911 2221 1145 2276 molestior,

109 2277 315 2331 Principes
361 2276 586 2328 hujusmodi
632 2275 834 2322 violentos
866 2278 1055 2323 homines
1087 2280 1141 2324 rei

106 2333 276 2390 propriae
318 2334 504 2377 dominio
538 2334 786 2391 spoliarunt,
834 2335 878 2378 δι
907 2335 955 2378 ad
988 2337 1142 2381 Fiscum

105 2390 395 2434 transtulerunt
428 2391 453 2434 si
487 2407 573 2434 rem
607 2393 810 2447 propriam
842 2392 1086 2448 rapuiffent3
1118 2395 1145 2438 fi

105 2463 202 2491 vero
233 2459 445 2505 tamquam
468 2447 686 2508 *propriam
708 2449 1115 2505 rapuiffentalienam
1133 2484 1146 2507 ,

107 2504 423 2560 eosdem-”raptae
453 2505 511 2550 rei
541 2506 755 2550 amissione
785 2538 797 2560 ,
828 2505 986 2562 ejusque
1016 2508 1143 2553 etiam

106 2560 370 2606 :estimatione
413 2561 500 2621 vim
543 2562 649 2619 passo
692 2562 853 2608 cessura·
878 2563 1146 2620 ’multarum3

105 2617 386 2670 Creditoribus
417 2619 678 2668 '⁴'fioritate
723 2620 885 2676 propria
927 2622 1032 2665 bona
1075 2623 1146 2667 sibi

103 2673 295 2718 debitoris
347 2674 623 2720 addicentibus
665 2675 744 2728 'jus
784 2677 930 2736 ‘crediti
988 2680 1146 2725 ademe-

104 2743 201 2774 runt
228 2748 236 2771 :
274 2732 365 2782 (c)
398 2732 584 2787 idemque
617 2734 839 2779 statuerunt
872 2735 914 2778 in
947 2751 1042 2780 eum
1075 2738 1144 2793 qui

105 2801 192 2831 rem
226 2787 296 2831 soli
330 2819 342 2842 ‚
376 2788 454 2833 hoc
483 2790 537 2832 est
568 2790 832 2836 immobilem
865 2791 1043 2839 alienam
1074 2811 1147 2852 pu-

103 2971 332 2985 ——-—-—-.
340 2972 1144 2994 --ῇι--ι-α--ῡ--Δ--ι-

147 3054 209 3095 (a)
232 3056 269 3086 L.
285 3066 317 3087 2.
344 3056 384 3088 de
402 3056 492 3099 saud.
521 3057 579 3090 tie.
598 3058 637 3090 de
649 3065 724 3100 pace
739 3049 923 3097 temni&
938 3061 1007 3102 eius
1020 3064 1137 3100 violae.

110 3100 231 3139 elar.§.
244 3101 373 3141 furtum
388 3113 474 3133 num.
496 3112 547 3133 10.
562 3101 696 3145 &seph

155 3143 234 3184 (b)
259 3147 295 3177 L.
311 3156 336 3187 3.
351 3147 387 3189 fi.
408 3147 445 3180 de
465 3148 503 3180 vi
515 3147 651 3190 privata
665 3169 676 3180 .

2051 181 2115 248 (a)
2135 123 2242 179 243

1380 288 1826 332 TITULUS
1915 289 2043 336 XIII.

1424 441 1427 445 .
1495 403 1565 447 De
1595 368 1695 460 Lege
1727 374 1902 459 Aqici'lia
1921 426 1950 448 .’

1292 515 1405 558 03Γ
1435 514 1588 560 furtum
1619 517 1663 561 &
1695 516 1885 572 rapinam
1911 550 1922 572 ,
1957 519 2127 568 tertium
2157 539 2232 581 ge-

1312 587 1386 616 nus
1404 573 1711 630 obligationum
1732 590 1781 619 ex
1796 576 1944 620 deli&o
1967 577 2231 628 venientium

1194 627 1248 673 est
1277 643 1324 673 ea
1356 661 1367 683 ,
1413 646 1491 686 qua
1521 631 1814 687 abstringimur
1846 635 2234 684 Domino'Manci-

1197 685 1252 740 pii
1283 717 1296 740 ,
1328 687 1392 730 vel
1424 688 1717 745 quadrupedis,
1750 691 1814 733 cui
1848 692 2111 748 Mancipium
2134 728 2148 750 ,
2181 697 2232 740 sl·-

1198 758 1246 785 ve
1290 739 1547 796 servust‘jure
1591 747 1719 789 Civili
1755 763 2047 805 comparatur,
2079 753 2133 797 ob
2163 754 2234 798 da-

1199 814 1345 844 mnum
1386 801 1622 846 incorum
1666 819 1832 859 corpore
1876 807 2009 852 eidem
2044 810 2233 871 Domino

1198 856 1360 900 illatum
1387 891 1399 912 ,
1433 874 1515 902 non
1543 875 1616 914 rper
1647 861 1945 907 contumeliam
1980 859 2227 922 infererfs,

1200 913 1259 957 sed
1291 913 1452 958 illatum
1485 917 1637 967 injuria
1661 949 1672 970 ‚
1716 934 1803 974 quae
1835 937 1914 965 vox
1947 921 2014 966 hic
2032 877 2233 980 signi'ffiirt

1198 987 1271 1013 non
1283 972 1382 1023 iure.
1397 973 1517 1025 Quod
1529 974 1728 1018 damnum
1746 977 1976 1022 vindicatur
1992 980 2080 1038 lege
2099 981 2235 1038 Aqui-

1199 1028 1252 1070 lia
1266 1060 1277 1081 ‚
1293 1045 1380 1084 quae
1396 1045 1548 1073 nomen
1564 1031 1672 1073 ducit
1689 1033 1738 1074 ab
1753 1033 1924 1089 Aquilio
1943 1036 2027 1088 ejus
2046 1038 2235 1083 sancien-

1197 1086 1253 1128 dae
1283 1087 1399 1142 Legis
1423 1087 1526 1142 apud
1548 1088 1748 1142 Populum
1771 1093 2010 1137 Romanum
2026 1096 2231 1141 Au&ore.

1257 1143 1398 1187 Primo
1438 1156 1577 1189 autem
1606 1145 1689 1195 eius
1720 1147 1870 1203 Capite
1901 1152 2136 1206 rependitur
2159 1154 2235 1198 da-

1200 1215 1347 1263 mnum
1390 1202 1576 1245 Domino
1617 1202 1663 1245 in
1698 1203 1738 1248 id
1768 1207 1909 1262 quanti
1944 1207 2111 1262 plurimi
2143 1200 2234 1255 fif?-

1199 1270 1251 1299 rit
1299 1273 1359 1302 res
1389 1258 1540 1302 damno
1571 1259 1710 1302 affech
1743 1293 1755 1316 ,
1788 1263 1871 1308 sive
1902 1279 2091 1322 corrupta
2123 1267 2233 1311 intra

1190 1329 1353 1358 <annum
1387 1317 1603 1359 retrorsum
1635 1333 1656 1358 a
1687 1317 1751 1361 die
1782 1320 1861 1363 dati
1892 1321 2032 1366 damni
2064 1334 2237 1379 compu-

1198 1373 1367 1414 tandum
1394 1403 1403 1414 .
1435 1374 1514 1424 (e)
1547 1375 1760 1428 Propterea
1793 1376 1819 1418 fi
1851 1378 1991 1422 datum
2027 1378 2246 1426 damnum'

1198 1429 1648 1473 civilitertvi-ndicatur
1676 1462 1689 1484 ‚
1749 1432 2002 1478 damnandus
2043 1436 2097 1480 est
2140 1436 2237 1481 illa-

1201 1498 1262 1527 tor
1305 1486 1350 1529 in
1397 1485 1549 1530 sumtus
1580 1488 1850 1539 ⁴medicorum
1881 1507 1928 1535 ac
1958 1491 2149 1548 funeris,
2191 1494 2237 1538 &

1197 1542 1241 1585 in
1272 1542 1471 1586 alimenta
1500 1558 1645 1589 eorum
1675 1561 1776 1602 quos
1808 1548 1935 1593 homo
1965 1550 2120 1595 occisus
2150 1549 2236 1597 ale·

1198 1615 1237 1643 re
1270 1600 1446 1644 solebat.

1253 1657 1359 1712 Agit
1407 1669 1545 1702 autem
1602 1658 1667 1703 lex
1710 1660 1788 1705 hoc
1831 1663 1965 1719 primo
2011 1665 2144 1718 capite
2186 1665 2236 1712 de

1197 1714 1332 1757 occisis
1366 1714 1484 1757 servis
1509 1746 1520 1767 ‚
1553 1715 1598 1759 δε.
1627 1719 1946 1775 quadrupedibus
1969 1753 1981 1775 ‚
2025 1738 2112 1778 quae
2143 1737 2237 1780 gre-

1197 1772 1324 1832 gatim
1370 1772 1587 1826 pascuntur
1618 1807 1629 1828 ,
1679 1791 1759 1829 quo
1800 1777 1970 1821 exclusis
2019 1778 2113 1823 feris
2153 1782 2228 1825 Be-

1198 1827 1278 1870 stiis
1307 1828 1348 1871 ὃς
1381 1829 1591 1884 Canibus,
1622 1831 1918 1888 comple5‘catur
1932 1837 2097 1892 Equos,
2129 1839 2234 1882 Mu-

1199 1883 1255 1928 los
1282 1916 1294 1937 ,
1339 1885 1495 1930 Asinos
1528 1919 1540 1941 ,
1598 1889 1753 1942 Oves,
1808 1893 1934 1935 Boves
1963 1924 1975 1946 ,
2030 1895 2187 1948 Capras
2218 1926 2232 1949 ‚

1196 1942 1374 2006 itemque
1416 1944 1512 1988 Sues
1537 1976 1550 1999 ‚
1584 1945 1625 1987 δι
1656 1945 1804 1990 similia
1823 1979 1835 2001 ‚
1866 1948 1937 2006 qui
1968 1949 2015 1993 in
2046 1953 2230 2007 Gregem

1194 2012 1448 2042 conveniunt
1475 2032 1484 2043 .

1202 2075 1221 2113 χ
1252 2056 1371 2110 Quod
1414 2057 1440 2099 si
1483 2057 1573 2113 quis
1615 2070 1659 2102 ut
1690 2059 1887 2105 damnum
1921 2063 2077 2108 vitaret
2101 2081 2123 2108 a
2156 2065 2191 2110 se
2216 2095 2230 2120 ‚

1193 2110 1392 2156 damnum
1433 2113 1548 2158 alteri
1600 2115 1702 2160 forte
1743 2117 1932 2163 intulerit
1970 2152 1982 2174 ,
2018 2121 2094 2165 hac
2123 2125 2235 2179 Lege

1196 2181 1278 2211 non
1315 2181 1487 2214 tenetur
1508 2202 1522 2225 ,
1566 2188 1661 2216 curn
1693 2173 1776 2226 jure
1807 2176 1895 2232 quis
1927 2177 1962 2222 se
1994 2194 2018 2222 a
2049 2179 2234 2235 periculo

1195 2237 1354 2270 tueatur
1379 2258 1388 2268 .
1754 2273 1760 2279 .

1251 2283 1327 2327 Sed
1358 2284 1384 2327 si
1416 2285 1505 2329 casu
1535 2286 1700 2341 quidem
1731 2289 1910 2346 occidit,
1942 2291 2002 2336 sed
2025 2307 2234 2346 eventuse

1197 2338 1261 2384 sua
1292 2341 1411 2397 culpa
1441 2343 1691 2400 contigerit,
1725 2348 1955 2393 tenebitur:
1989 2350 2086 2408 quia
2102 2340 2234 2397 *dolus

1194 2395 1238 2440 &
1267 2397 1386 2454 culpa
1417 2401 1522 2455 Lege
1554 2401 1624 2446 ista
1656 2417 1844 2457 putatur.

1236 2455 1377 2519 ⁴Unde
1408 2456 1619 2512 imperitus
1649 2461 1773 2515 artis,-
1803 2462 1868 2506 cui
1902 2462 1936 2507 se
1952 2463 2233 2520 imprudenter

1194 2509 1372 2575 dederit,
1404 2514 1581 2571 Aquilia
1605 2517 1878 2575 conyenietur
1907 2535 2070 2578 propter
2098 2528 2230 2568 teme-

1197 2579 1387 2633 r1tatem,
1419 2570 1447 2614 si
1476 2573 1671 2618 exercitio
1704 2575 1770 2619 suo
1800 2576 1916 2620 alteri
1937 2580 2152 2636 nocuerit,
2185 2592 2232 2625 ut

1195 2623 1223 2667 si
1254 2628 1467 2681 imperitus
1495 2630 1683 2688 Medicus
1717 2633 1882 2677 secando
1905 2664 1918 2686 ‚
1961 2649 2031 2679 aut
2062 2638 2232 2695 imperi-

1196 2694 1258 2732 tus
1287 2683 1427 2728 Mulio
1455 2688 1612 2742 agendo
1641 2687 1828 2740 jumento
1860 2689 2056 2738 laeserint.

1196 2796 1203 2804 ⁶
1253 2741 1317 2783 Ita
1360 2757 1455 2786 vero
1496 2743 1592 2787 laesae
1638 2745 1694 2790 rei
1744 2747 1920 2803 pretium
1962 2761 2230 2807 computatur

1194 2808 1303 2841 intra
1333 2814 1491 2846 annum
1521 2803 1736 2848 retrorsum
1769 2807 1934 2862 affi'tum,
1967 2819 2011 2852 ut
2036 2810 2062 2853 si
2088 2810 2231 2868 Equus

1284 2889 1287 2891 -
1705 2863 1797 2907 Hh
1860 2877 1882 2905 2
2114 2882 2234 2925 ,pece-

1195 2982 1559 2999 ————-—-.—
1591 2988 1858 3004 ——n--——
2108 2987 2110 2992 ⁷
2122 2994 2235 3007 ..ι-

1237 3065 1297 3104 (c)
1327 3068 1372 3119 L.¹
1394 3077 1496 3120 exrar.
1522 3079 1551 3108 3.
1577 3070 1616 3114 ff
1649 3073 1748 3115 ,Quod
1771 3084 1848 3108 mee.
1866 3075 1949 3115 coust
1964 3077 1989 3108 t.
2003 3077 2126 3123 ult-15⁶.
2142 3077 2185 3113 ad
2197 3078 2231 3115 1.

1189 3110 1257 3149 Jul.
1283 3111 1319 3143 de
1336 3123 1370 3143 vt
1384 3119 1405 3153 p
1425 3124 1522 3147 wara
1537 3137 1545 3146 .
1592 3118 1611 3156 (
1625 3116 1675 3154 d)
1703 3121 1738 3150 L.
1756 3130 1786 3159 7.
1803 3123 1838 3154 C.
1855 3122 1938 3154 unde
1953 3121 1991 3153 vi
2008 3143 2017 3152 .

1235 3155 1317 3197 (ej-
1335 3159 1373 3191 L.
1402 3167 1427 3189 1.
1456 3158 1484 3199 §.
1508 3159 1551 3193 ad
1574 3160 1609 3193 L.
1639 3163 1751 3205 Aquis.
