2451 3470
152 132 261 185 130
620 111 669 183 J.
789 104 860 158 V.

148 191 233 234 lem
283 184 572 232 conditionem
604 178 825 226 creationis
857 176 1052 222 notitiam
1085 179 1195 222 acci-

151 246 309 303 pientes
336 277 350 299 ,
395 244 439 287 &
482 241 789 298 produffionem
833 251 883 279 ex
915 234 1052 297 nihilo
1084 235 1194 279 addi-

152 304 312 348 scentes
343 333 356 356 ,
392 316 454 344 res
484 311 690 350 creatas-a
722 293 945 337 divinitate
977 291 1061 347 lpsa
1093 291 1194 342 ejus-

154 376 234 418 que
268 357 492 417 potentia-‚
522 356 566 399 &
596 368 696 408 opus
727 353 777 395 ab
810 350 969 394 au&ore
1001 348 1196 393 distinxe-

159 430 258 463 runt
285 449 297 471 ,
341 417 384 460 ὅ(
416 419 551 457 Deum
585 427 658 466 pro
683 411 803 459 >eausa
831 439 843 461 ‚
878 422 963 450 non
997 421 1068 462 pro
1100 405 1193 449 fun-

164 475 216 519 do
247 475 290 518 &
325 471 496 517 materia
531 483 665 512 rerum
699 467 954 509 habue'runt:
989 477 1029 506 at
1055 463 1197 519 profa-

159 533 207 576 ni
239 529 450 582 Theologi
477 560 489 581 ‚
532 525 783 570 creationem
814 538 865 566 ex
892 520 1033 565 nihilo
1067 537 1197 577 neque

167 588 432 646 agnoscentes
467 616 482 638 ‚
536 597 665 637 neque
712 579 890 623 omnino
941 578 1198 634 tolerantes,

165 645 295 690 coacti
327 644 491 687 fuerunt
522 656 571 683 ex
604 638 687 693 ipso
721 640 809 681 Deo
841 650 1036 693 tanquam
1059 652 1108 681 ex
1133 653 1193 681 ea-

163 719 258 748 rum
291 717 394 746 vena
428 730 439 752 ‚
473 712 531 741 res
561 709 715 740 creatas
744 710 883 739 eruere
909 725 921 747 ‚
958 694 1062 737 unde
1094 695 1199 747 divi·

164 761 341 804 nitatem
392 755 519 811 ipsam
567 753 767 809 speciebus
799 751 1029 795 distraftam
1063 751 1194 808 fingu-

165 817 215 861 lis
259 818 301 861 in
340 828 480 858 return
513 810 821 854 univerfitatem
855 807 1193 853 transfuderunt.

158 875 283 919 ‘Hinc
316 871 478 927 singulae
509 883 572 912 res
602 865 833 910 divinitatis
861 865 1073 921 portiones
1104 883 1196 910 eva·

163 932 326 983 serunt,
358 943 529 984 quarum
561 941 649 980 quae
675 923 805 981 magis
825 922 1100 976 excellerent,
1132 940 1216 975 ve-,

163 989 240 1032 luti
272 990 390 1031 >Luna
417 1016 429 1038 ,
460 984 526 1026 Sol
549 1013 567 1036 .‚
600 982 717 1025 Astra
749 1012 762 1035 ,
794 980 994 1034 Coelum,
1024 992 1094 1024 aut
1127 980 1217 1024 hoe

162 1046 338 1096 mines,
382 1042 459 1086 sive
503 1040 732 1095 sapientes,
775 1038 854 1082 five
898 1037 1048 1081 strenui
1091 1037 1198 1094 quasi

165 1102 257 1158 plus
300 1103 437 1143 Deum
481 1097 761 1153 exprimerent
786 1127 799 1149 ,
844 1110 916 1150 pro
954 1095 1201 1141 >numinibus

166 1159 448 1209 habebantur,
481 1170 569 1211 quae
598 1168 792 1210 germana
824 1152 877 1196 est
909 1152 952 1196 δε
994 1168 1090 1196 vera
1110 1153 1200 1196 uni-

170 1216 291 1261 versae
323 1212 613 1271 superstitionis
642 1210 786 1266 origo,
817 1225 942 1265 quam
969 1211 1020 1252 D.
1034 1209 1216 1254 Paullus·

166 1275 215 1318 ad
262 1277 472 1317 Romanos
516 1271 579 1313 his
620 1268 755 1311 verbis
786 1266 985 1311 indicavit
1013 1283 1023 1308 ε
1058 1269 1156 1323 quia
1188 1300 1199 1319 ‚

168 1348 255 1374 cum
298 1326 557 1386 cognoviffent
600 1328 733 1370 Deum
765 1356 777 1378 ‚
821 1342 895 1367 non
919 1323 1040 1378 ficuti
1068 1326 1201 1369 Deum

158 1387 519 1446 glorificaverunt,
551 1384 605 1428 (9¹
629 1395 884 1426 mutaverunt
899 1383 1067 1438 gloriam
1079 1383 1195 1424 incor-

167 1447 375 1502 ruptib1l²is
418 1445 500 1488 Dei
532 1443 574 1484 in
599 1439 905 1495 similitudinem
937 1440 1204 1495 corruptibilis

169 1504 342 1547 hominis
369 1534 381 1555 ,
422 1500 477 1544 (9²
508 1501 711 1543 volucrum
741 1529 749 1540 .
781 1496 835 1541 (J
867 1498 1165 1552 quadrupedum
1190 1529 1201 1551 ,

167 1561 224 1604 (Τ
259 1557 499 1615 serpentium
528 1574 542 1597 :
593 1560 950 1600 Com-mutaverunt
990 1555 1218 1597 veritatem-

165 1620 250 1663 Det
281 1619 324 1661 in
358 1616 629 1666 mendacium,
659 1612 714 1657 (Ὺ
737 1612 957 1664 coluerunt,
987 1610 1219 1666 &servre-¹
1252 1665 1271 1707 f
1311 1665 1345 1707 d·
1401 1666 1405 1670 ι

1214 1703 1217 1705 .
1269 1680 1308 1708 oe
1338 1681 1431 1708 ioris

169 1687 263 1718 runt
292 1686 469 1717 creaturae
494 1673 627 1727 potius
657 1685 777 1726 quam
803 1669 1016 1714 Creatori.

228 1734 387 1775 Verum
413 1763 425 1785 ,
468 1729 676 1773 crescente
721 1727 765 1771 in
806 1727 915 1770 diem
952 1724 1201 1782 ‘sapientium

167 1806 345 1834 numero
376 1821 388 1841 ‚
423 1786 611 1841 mysteria
640 1786 862 1828 Poetarum
896 1782 1026 1827 veluti
1057 1784 1198 1827 ceden-

169 1849 277 1891 tibus
312 1846 488 1890 tenebris
513 1843 753 1886 dilucescere
775 1853 1014 1897 coeperunt,
1045 1857 1201 1884 rerum·

168 1922 246 1961 que
262 1903 523 1955 naturalium,
535 1900 710 1945 scientiae
725 1900 886 1943 rescissis
902 1898 1124 1941 involucris
1145 1898 1199 1941 fa-

164 1962 358 2006 bularum
387 1959 767 2014 commigraverunt
786 1957 834 2000 in
855 1955 1200 2011 Philosophorum

170 2020 326 2063 scholas
355 2051 367 2073 ,
413 2031 587 2074 quarum
620 2013 807 2070 princeps
837 2013 996 2056 Thales
1025 2045 1036 2067 ‚
1069 2030 1090 2055 a
1122 2029 1203 2067 quo

168 2077 316 2129 Jonica
342 2108 354 2129 ,
398 2075 444 2118 &
484 2072 736 2128 Pythagoras
761 2104 773 2125 ‚
815 2087 837 2114 a
862 2076 961 2126 'quo
1004 2070 1203 2114 modestiae

166 2135 282 2178 causa
314 2131 500 2189 sapientis
531 2131 575 2174 in
608 2128 842 2184 Philosophi
875 2127 1050 2171 minime
1081 2144 1201 2175 >com-

167 2204 334 2236 mutato
355 2223 367 2244 ,
399 2188 662 2241 Philosophia
694 2187 874 2230 instituta
907 2184 984 2228 fuit
1018 2185 1164 2228 Italica
1190 2217 1201 2238 ‚

167 2266 257 2306 quae
301 2247 500 2302 gravitate
547 2244 840 2289 sententia-rum
860 2273 875 2296 ,
906 2256 1025 2298 atque
1057 2243 1199 2285 studit-

169 2322 263 2349 rum
297 2304 458 2348 tristitia
489 2302 662 2359 quadam
687 2333 700 2354 ‚
747 2301 869 2356 longe
902 2299 1103 2356 superavit
1134 2300 1199 2351 Jo-

164 2366 306 2407 nicam
329 2395 341 2416 ‚
373 2361 579 2405 causarum
613 2359 777 2415 quidem
809 2357 911 2401 olim
947 2356 1199 2400 naturalium

165 2421 395 2471 curiosamz,
429 2418 488 2461 sed
522 2418 604 2473 post
636 2433 658 2459 a
682 2418 871 2468 Socrate,
901 2414 1069 2458 adducta
1084 2413 1199 2457 fimul

168 2496 267 2525 curn
300 2475 526 2520 Dialefiiica
557 2474 741 2518 dofirina
772 2474 819 2516 de
852 2473 1032 2516 moribus
1056 2503 1068 2527 ‚
1098 2487 1120 2516 e
1146 2472 1198 2514 *sx-

167 2538 299 2582 lentio
341 2547 460 2590 atque
509 2531 654 2576 recessu
699 2530 1016 2574 meditationum
1060 2529 1108 2573 ad
1138 2528 1210 2572 fa-·

164 2598 269 2640 stum
303 2605 426 2649 atque
458 2588 688 2633 tumultum
721 2588 1038 2631 contentionum
1052 2603 1196 2630 evoca-

162 2667 275 2697 tam.
307 2652 371 2692 Ut
398 2663 487 2690 >non
523 2647 674 2690 mirum
709 2645 733 2688 si
757 2645 886 2699 postea
903 2643 1196 2701 Philosophia,

166 2726 252 2768 quae
288 2704 526 2750 inveniendi
562 2702 705 2755 fimul,
734 2703 779 2745 ’δι
810 2700 1012 2753 judicandi
1039 2708 1052 2753 ‚'
1084 2700 1197 2743 diffe-

168 2767 360 2821 rendique
393 2776 523 2805 artem
557 2761 737 2802 tradebat
762 2790 775 2812 ‚
809 2758 968 2811 publice
1003 2758 1070 2801 sub
1086 2758 1197 2800 Rhe-

173 2825 322 2870 torices
353 2819 524 2863 nomine
557 2815 775 2871 imperavit
808 2815 850 2857 in
883 2814 998 2857 foro.

980 103 1819 159 GRAVINAE

1291 234 1504 287 Τὄυνεκοέμε
1532 233 1978 293 προέηκε-διδασκέμεναι
2008 237 2104 280 vd&
2132 238 2288 289 πάντα,

1292 293 1432 332 Μόθων
1462 306 1506 330 «τε
1530 288 1649 341 ῥητῆρ
1684 294 1826 342 iuerat,
1856 294 2047 343 πρηκτῆρα
2075 309 2120 334 τε
2148 293 2257 346 ἔργων
2280 321 2293 344 ,

1243 403 1421 448 Pericles
1452 403 1604 455 etiarn,
1637 399 1682 446 ’δε
1715 400 1846 446 forsan
1878 403 2098 459 Sophocles
2118 406 2288 450 vconsors

1246 462 1468 505 studiorum
1501 460 1638 513 illius,
1668 460 1712 504 δε
1739 461 1959 517 Euripides
1990 463 2041 504 ab
2065 465 2290 518 Anaxago-

1248 534 1297 560 rae
1330 519 1539 574 disciplina
1571 517 1775 560 fluxerunt
1795 549 1811 560 ..
1844 518 2089 572 AEfchylus‚
2120 520 2163 562 &
2195 521 2295 563 Pin-

1246 576 1363 619 darus
1396 577 1579 619 emicant
1612 574 1790 631 undique
1814 575 2096 630 Pythagoricae
2111 576 2294 620 Philoso-

1249 632 1354 688 phiae
1387 632 1612 676 luminibus
1644 663 1656 685 ‚
1687 633 1893 675 Socratica
1927 632 2063 676 schola
2095 648 2180 675 non
2212 633 2294 678 mi·

1249 707 1325 733 nor
1358 690 1653 745 Philosophia,
1684 705 1808 745 quarn
1829 688 2074 745 eloquentiae
2089 689 2293 734 fuitexer-

1242 747 1414 800 citat-io,
1447 763 1564 803 quae,
1595 758 1736 802 praeter
1752 746 1995 801 Platonem,
2028 747 2288 802 Xenophon-

1248 818 1331 848 tem
1356 837 1368 858 ,
1404 805 1616 848 Phaedrum
1635 836 1649 853 ,
1680 805 1980 861 Agathonem‚
2011 804 2136 848 edidit
2168 804 2292 849 Alei-

1249 863 1408 905 biadem
1441 861 1704 906 Atheniensis
1724 861 1809 906 ‘fori
1826 861 2033 904 turbinem
2050 893 2060 903 .
2095 861 2182 916 Ipse
2198 876 2294 906 tan-

1248 919 1341 963 dem
1375 919 1524 963 Atticae
1556 919 1743 974 princeps
1771 918 2015 974 eloquentiae
2047 918 2298 964 Demosthe-

1250 991 1318 1020 nes
1351 977 1488 1031 „teste
1522 976 1728 1020 Cicerone
1748 1008 1768 1029 7
1799 991 1885 1018 non
1917 975 2041 1018 modo
2071 976 2296 1021 Platonicae

1249 1033 1442 1076 doetrinae
1473 1034 1663 1077 studiosus
1695 1032 1775 1075 fuit
1803 1064 1815 1086 ‚
1861 1032 1921 1075 sed
1955 1032 2075 1087 ipsius
2106 1032 2293 1077 Platonis

1249 1091 1437 1134 auditor..
1472 1091 1754 1146 Quamobrem
1780 1104 1939 1143 coepere
1957 1088 2192 1144 Philosophi
2209 1105 2297 1134 non

1252 1148 1372 1191 modo
1406 1149 1696 1201 scientiarum,
1724 1146 1790 1189 scd
1821 1146 1945 1189 etiam
1977 1147 2168 1189 oratoriae
2198 1147 2298 1192 arti-s

1250 1205 1402 1259 aperire
1430 1205 1618 1259 scholas,
1648 1203 1755 1260 quod
1785 1204 1870 1259 post
1904 1203 2127 1247 Isocratem
2159 1219 2297 1248 aemu-

1252 1263 1404 1306 latione
1436 1263 1546 1306 illius
1577 1261 1675 1306 fecit
1710 1259 1970 1313 Aristoteles,
1998 1260 2068 1316 qui
2089 1274 2134 1304 ut
2155 1276 2295 1306 rerum

1249 1321 1292 1364 &
1318 1321 1536 1363 verborum
1557 1318 1725 1375 copiam
1751 1317 2191 1373 discipulispraeberet,
2220 1318 2303 1362 dis-

1252 1379 1482 1433 putationes
1525 1378 1568 1421 in
1612 1389 1827 1432 utramque
1869 1387 2033 1429 partem
2077 1374 2290 1419 instituit:

1251 1435 1354 1479 unde
1405 1434 1542 1478 nullus
1574 1434 1792 1478 Ciceronis
1823 1432 1973 1484 judicio
1999 1431 2084 1475 *fuit
2114 1433 2297 1489 antiquis

1251 1493 1503 1547 temporibus
1551 1491 1796 1547 eloquentiae
1828 1489 1918 1533 fons
1948 1489 2140 1544 uberior,
2171 1497 2297 1546 'atque

1251 1550 1391 1605 purior
1414 1582 1427 1604 ,
1462 1565 1592 1606 quam
1638 1548 1908 1605 Peripatetica
1942 1545 2077 1590 schola
2104 1578 2117 1601 ‚
2149 1547 2296 1592 nostris

1251 1608 1332 1659 jam
1367 1619 1459 1651 tem
1491 1609 1626 1650 oribus
1656 1606 1673 1660 [
1699 1615 1924 1662 enssrerum
1956 1603 2093 1648 vicem
2123 1608 2139 1660 J
2172 1604 2295 1649 unica

1462 1624 1655 1708 barbariae
1685 1663 1906 1708 colluvies.

1311 1724 1458 1766 Parens
1491 1722 1618 1778 igitur
1647 1730 1741 1765 curn
1774 1719 1927 1763 artium
1948 1718 2141 1762 omnium
2159 1750 2171 1772 ‚
2198 1729 2296 1764 tum

1251 1779 1494 1835 eloquentiae
1512 1779 1710 1834 praecipua
1722 1777 1990 1833 Philosophia
2006 1775 2084 1819 fuit
2100 1792 2110 1817 τ
2126 1775 2304 1830 etenim,

1251 1851 1296 1880 ut
1327 1838 1385 1880 ait
1415 1837 1566 1885 Plato,
1591 1836 1774 1880 ‘scientiae
1804 1849 1950 1878 omnes
1978 1833 2090 1877 miro
2103 1832 2300 1877 consensu

1252 1909 1537 1951 concentuque
1570 1893 1860 1945 conveniunt,
1895 1893 1937 1935 δι
1967 1891 2144 1947 quodam
2180 1889 2303 1933 socie-

1244 1951 1815 2005 tatisvinculocolligantur‚
1849 1949 1919 2003 δι,
1953 1947 2081 1991 initiis
2101 1947 2302 2002 causisque

1250 2008 1510 2065 >Philosophia
1541 2009 1640 2051 duce
1671 2007 1910 2064 perspe&i5‚
1944 2020 2078 2049 rerum
2103 2004 2298 2048 omnium

1251 2067 1439 2122 cognitio
1473 2067 1575 2109 mire
1608 2064 1871 2120 consequitur
1899 2094 1911 2115 ‚
1944 2075 1987 2107 ut
2019 2074 2205 2118 appareat
2231 2076 2301 2105 eo-

1246 2140 1343 2167 mm
1379 2124 1545 2167 stultitia
1577 2123 1843 2175 Rhetorum,
1873 2120 1970 2176 qui,
2003 2119 2066 2163 vel
2093 2119 2297 2163 auditores

1250 2182 1297 2224 ad
1313 2183 1525 2237 vulgarem
1545 2180 1857 2235 Philosophiam
1875 2177 2173 2231 mittentes-,eos
2187 2176 2302 2228 juxta

1253 2240 1383 2283 secum
1407 2239 1610 2281 somniare
1633 2237 1920 2291 compellunt,
1955 2234 2189 2291 velprorsus
2207 2232 2302 2276 Phi-

1253 2296 1480 2352 losophiam
1512 2295 1772 2339 aRhetorica
1787 2293 2055 2345 divellentes,
2086 2308 2108 2334 a
2143 2293 2306 2334 senten-

1251 2354 1317 2397 tiis
1341 2355 1461 2397 verba
1478 2385 1490 2405 ‚
1522 2353 1634 2396 velut
1650 2367 1829 2407 corpusa
1852 2363 1988 2394 mente
2011 2381 2024 2402 ,
2060 2348 2269 2403 sejungunt
2287 2378 2301 2401 ‚

1251 2412 1357 2468 quali
1373 2412 1490 2467 poffit
1503 2410 1595 2467 quis
1613 2411 1715 2454 reete
1739 2409 1870 2452 dicere
1887 2440 1900 2461 ‚
1915 2406 1987 2450 nisi
2004 2405 2108 2449 re8te
2123 2406 2302 2460 cogitare

1249 2486 1295 2512 ac
1320 2469 1450 2524 sapere
1460 2468 1733 2522 didicerit‚aut
1747 2478 1867 2522 queat
1884 2463 1990 2507 ullus
2004 2463 2147 2519 absque
2165 2478 2302 2521 rerum

1250 2527 1399 2571 notitia
1416 2541 1474 2570 res
1488 2525 1694 2581 explicare
1708 2556 1719 2576 ‚
1736 2521 1993 2577 moribusque
2011 2520 2205 2563 humanis
2225 2551 2239 2572 ,
2259 2519 2303 2560 &

1247 2583 1513 2629 affectionum
1539 2581 1689 2635 causis,
1723 2593 1843 2634 atque
1873 2578 2053 2625 motibus
2070 2576 2268 2632 ignoratis
2289 2607 2305 2631 ,

1247 2640 1412 2686 animos
1444 2640 1666 2683 hominum
1700 2636 1942 2691 pertraStare
1975 2635 2174 2678 dicendo.

1311 2698 1443 2751 Igitur
1484 2696 1616 2753 quoad
1657 2693 1895 2749 eloquentia
1933 2691 2115 2736 'haerebd
2156 2689 2304 2735 ‘Philo-

1251 2755 1398 2812 sophiae
1454 2753 1655 2797 radicibus
1690 2784 1703 2805 ,
1745 2751 1788 2794 &
1843 2752 1888 2794 ad
1946 2749 2085 2794 civilia
2129 2748 2304 2804 negotia

1208 2860 1211 2861 ⁷
1253 2811 1513 2869 publicosque
1575 2823 1694 2866 atque
1744 2807 1926 2864 privatos
1978 2807 2103 2856 usus,
2153 2805 2306 2861 magis-

227 2879 315 2925 Etsi
347 2877 426 2930 iarn
460 2890 555 2917 ante
587 2874 746 2924 Poetae,
777 2870 1204 2927 atquc'Oratorespri-
1247 2885 1329 2925 tque
1375 2869 1421 2911 ad
1469 2867 1728 2917 utilitatem,
1780 2881 1905 2922 quam
1949 2865 1997 2908 ad
2044 2863 2303 2919 voluptatem

169 2942 302 2983 vatim
354 2952 376 2977 a
421 2930 675 2984 philosophis
720 2929 1067 2972 instituebantur.
1122 2928 1205 2970 Diu
1256 2925 1578 2978 conferebatur,
1635 2923 1771 2969 nullos
1801 2932 2008 2966 'externos
2056 2933 2178 2975 atque
2229 2919 2302 2963 ad·-

170 2998 286 3043 enim
338 2991 503 3035 fuerunt
548 2989 668 3031 iidem
715 2987 912 3029 orationis
943 2999 1207 3042 praeceptores
1245 2984 1454 3043 ’ven'titios
1508 2982 1666 3027 colores
1709 2980 1911 3024 arcessivit
1936 3010 1949 3032 ,
1991 2978 2168 3033 ingenua
2211 2976 2305 3032 pul-

176 3056 220 3098 &
253 3053 345 3095 vitae
371 3081 382 3102 ‚
414 3046 576 3103 qualem
613 3045 647 3087 se
682 3044 856 3087 Phoenix
889 3044 1044 3087 aPeleo
1062 3042 1209 3088 Achil-
1259 3040 1497 3085 chritudine
1545 3054 1665 3097 atque
1697 3037 1870 3083 candore
1893 3047 2099 3081 ¹contenta
2131 3033 2301 3076 nativo:

179 3114 208 3156 'li
232 3112 380 3156 datum
413 3104 597 3162 praedicat
619 3102 731 3158 *apud
757 3103 1022 3146 Homerum:
1262 3099 1376 3144 nulla
1424 3097 1538 3143 enim
1584 3097 1837 3154 argutiarum
1872 3108 1977 3139 cura
2020 3090 2122 3136 subit
2152 3122 2167 3147 ,
2208 3104 2306 3133 cum

2227 3159 2304 3190 aut
