2451 3470
233 124 336 167 202

192 191 306 234 cedat
333 201 512 232 examen
529 218 542 241 ,
569 198 689 244 atque
721 188 908 244 cognitio
933 187 1041 239 justae
1065 188 1209 231 Causae
1235 220 1248 242 ‚

192 249 301 304 quo-i
335 246 488 291 scilicet
522 245 735 300 adrogatlo
769 247 814 288 fit
843 245 987 298 utilis,
1026 260 1105 287 nec
1138 246 1245 300 peri-

193 304 330 349 culosa
350 337 363 358 ,
396 305 459 347 vel
487 302 766 360 ignominiosa
798 302 992 358 Pupilltjm
1022 302 1065 344 &
1085 302 1246 346 fiadro-

193 376 313 418 gatot·
344 375 485 407 caveat
521 361 700 416 personae
734 359 908 416 publicae
941 391 952 409 ‚
985 358 1065 402 five
1099 361 1251 404 Tabu-

194 420 328 474 lario,
360 434 430 464 aut
460 419 639 471 Scribat,
673 417 708 460 se
729 449 741 470 ‚
779 416 803 459 fi
839 417 1021 472 pupillus
1050 417 1249 473 >impubes

191 478 426 531 decesserit,
458 477 713 520 redditurum
743 476 853 517 bona
872 475 1080 530 proximis
1097 475 1251 531 Pupilli
1288 488 1292 492 ·

198 534 533 593 Consan‘guineis
550 561 562 575 -.
727 585 730 587 Ι
1108 585 1112 590 .

261 597 353 639 Nec
385 593 511 650 potest
543 591 661 634 Pater
693 589 913 646 adrogator
951 589 1221 646 ”emancipare
1243 621 1256 644 ,

199 652 279 698 five
309 660 331 697 e
360 650 558 708 ‘potestate
596 649 661 691 sua
699 649 912 691 dimittere
945 648 1104 693 Filium
1135 649 1256 692 adro-

200 722 343 768 gatum
377 706 587 758 fine·'justa
621 706 754 749 Causa
785 737 798 758 ,
842 718 936 760 puta
967 707 1076 762 quod
1109 705 1254 749 laeserit

198 771 484 825 adrogatorem
522 783 530 806 ε
570 764 614 807 &
645 764 915 819 emancipato
949 763 1059 807 Filio
1088 795 1100 816 ‚
1144 765 1254 806 bona

198 826 403 879 ejusdem,
436 837 524 880 quae
556 821 602 864 in
635 820 890 877 adrogatoris
923 823 1113 864 Domum
1137 832 1253 864 tran-

199 884 309 928 stulit
338 915 351 938 ,
397 882 558 926 reddere
591 879 758 936 cogitur
783 912 792 920 .
847 879 968 938 Acfi
1005 880 1250 933 adrogatum

200 944 318 999 quis,
354 941 418 985 vel
450 937 795 990 exheredaverit,
828 937 893 979 vel
924 936 1006 981 fine
1020 937 1140 981 causa
1155 935 1253 988 justa

202 999 562 1054 emancipaverit,
594 1007 742 1052 praeter
774 996 882 1037 bona
915 995 1096 1047 reddita,
1128 1009 1252 1050 quar-

205 1071 294 1103 tam
326 1060 453 1102 etiam
485 1055 657 1107 adjicere
690 1053 808 1097 debet
839 1051 1100 1109 propriorum
1122 1054 1253 1096 bono-

204 1133 297 1161 rum
330 1132 379 1160 ex
414 1113 627 1168 Rescripto
659 1111 758 1155 Divi
798 1111 856 1154 Pii
882 1142 897 1164 ,
941 1127 964 1153 a
995 1126 1076 1167 quo
1106 1122 1254 1166 ‘quarta

205 1175 306 1219 Divi
335 1175 394 1216 Pii
423 1183 708 1226 nuncupatur.
741 1169 815 1212 Per
842 1169 1154 1223 adrogationem
1183 1184 1251 1211 au-

206 1248 292 1278 tem
323 1229 418 1276 Filii
444 1258 459 1284 -‚
493 1242 561 1272 aut
590 1230 776 1292 Nepotes
812 1223 1001 1269 'hominis
1025 1225 1208 1281 adrogati
1238 1253 1273 1282 ,ι

209 1307 304 1337 cum
336 1306 384 1334 eo
418 1289 591 1331 veniunt
623 1298 670 1329 'in
717 1285 953 1340 potestatem
981 1282 1248 1339 adrogantis}

206 1364 331 1401 cum,
365 1347 391 1390 si
428 1347 543 1389 Pater
572 1345 638 1387 det
670 1343 884 1399 proprium
918 1340 1254 1385 filiumfamilias

208 1409 254 1452 in
286 1405 552 1460 adoptionem
579 1402 730 1445 alteri:
769 1401 953 1455 Nepotes
977 1414 1031 1443 ex
1060 1414 1113 1443 reo
1127 1396 1253 1442 Filio-

212 1462 392 1509 familias
443 1462 608 1516 sulcepti
651 1491 662 1512 ‚
725 1459 795 1500 sub
840 1457 968 1501 Patris
1007 1457 1210 1508 *naturalis
1239 1483 1253 1508 1,

218 1537 368 1575 nempe
407 1519 491 1564 Avi
516 1533 659 1562 eorum
691 1516 883 1573 potestate
917 1528 1180 1559 remaneant.

272 1581 366 1622 Imo
397 1576 542 1620 'nostris
587 1574 846 1629 ‘temporibus
877 1590 928 1617 ex
963 1572 1253 1616 constitutione

210 1635 427 1690 justiniani
451 1663 467 1688 2,
513 1634 599 1686 (a)
631 1630 944 1675 Filiusfamilias
987 1645 1072 1674 non
1114 1631 1201 1673 exit
1228 1644 1255 1671 ⁴a

205 1694 404 1751 {potestate
440 1691 567 1735 Patris
596 1689 796 1742 naturalis
822 1718 837 1743 ›,
871 1703 1002 1745 neque
1032 1688 1179 1731 tranfit
1207 1687 1253 1729 'in

209 1752 453 1810 potestatem
501 1748 737 1803 adoptantis
770 1778 781 1800 ,
833 1747 906 1789 nisi
958 1747 1171 1801 adoptetur
1201 1745 1255 1787 ‘ab

210 1813 307 1854 Avo
340 1810 564 1859 Materno,
592 1805 662 1848 ‘vel
697 1806 896 1853 Paterno,
931 1804 999 1859 qui
1033 1817 1128 1846 cum
1150 1801 1272 1845 Fili-³

213 1883 285 1911 um
313 1863 606 1919 emancipaffet
634 1895 645 1915 ‚
679 1861 844 1916 adoptet
876 1862 1064 1915 Nepotes
1096 1876 1145 1904 ex
1177 1875 1252 1912 eo,

212 1924 297 1981 post
329 1921 706 1977 emancipationem
734 1951 747 1973 ,
790 1931 931 1961 natos.
1103 1973 1128 1980 ..
1216 1970 1229 1980 .‚

273 1983 323 2023 In
361 1980 499 2023 locum
533 1991 669 2020 autem
703 2006 717 2030 ›,
750 1991 836 2018 non
873 1975 1000 2018 solum
1031 1971 1130 2018 Filii
1161 1986 1253 2030 ‘quis

209 2037 403 2092 adoptare
433 2035 592 2092 potest,
628 2034 686 2077 sed
719 2033 846 2076 etiam
871 2032 1075 2085 Nepotis,
1095 2046 1249 2089 vquam—

212 2096 275 2138 vis
305 2094 460 2139 Filium
495 2093 640 2135 habeat
688 2091 851 2134 nullum
879 2107 888 2132 :
920 2090 1007 2143 Et,
1039 2090 1065 2132 fi
1096 2089 1252 2132 Filium

212 2153 390 2205 habeat,
425 2166 507 2193 non
542 2150 667 2204 potest
698 2165 820 2204 quem
853 2149 897 2192 in
917 2147 1055 2190 locum
1071 2146 1249 2199 Nepotis

211 2212 438 2264 adoptare,
466 2207 546 2250 'nisi
568 2205 694 2250 Filius
713 2205 982 2249 consenserit-
1014 2204 1252 2256 (b)Nemo

214 2278 352 2313 autem
379 2266 576 2320 ‘adrogare
597 2295 609 2316 ‚
658 2263 722 2307 vel
753 2263 942 2318 adoptare
976 2263 1100 2317 pot‘est
1129 2293 1140 2314 ‚
1173 2260 1250 2304 ni'l'i

217 2325 337 2370 annis
387 2326 451 2366 18.
485 2333 701 2377 praecurrat
743 2320 981 2376 adoptatum
1007 2334 1026 2372 -3
1069 2335 1163 2362 cum
1205 2335 1249 2361 ea

216 2383 262 2427 fit
296 2396 388 2425 :etas
423 2379 557 2436 magis
589 2379 635 2422 ad
667 2379 945 2433 generandum
976 2376 1122 2420 idonea
1152 2408 1165 2430 ‚
1206 2376 1250 2419 ὃς

217 2440 338 2497 plena
371 2439 559 2495 pubertas
589 2435 819 2492 appelletur
845 2467 857 2490 ,
890 2435 946 2479 ⁴&
986 2434 1152 2490 adoptio
1177 2434 1248 2478 -de-

213 2499 305 2542 beat
339 2495 495 2540 imitari
531 2497 764 2537 Naturam.
994 2544 997 2547 A
1087 2547 1089 2549 -

271 2553 447 2597 Castrati
483 2564 632 2608 porro,
663 2552 707 2594 ὅτ.
738 2558 940 2607 quotquot
966 2549 1248 2606 ‘vitioinsupe-

212 2613 334 2657 rabili
377 2609 555 2666 corporis
587 2624 779 2666 generare
810 2610 1031 2665 {nequeunt
1061 2640 1073 2661 ,
1118 2621 1248 2662 neque

215 2670 372 2726 possunt
406 2669 593 2723 adoptare
622 2698 632 2707 .
675 2666 956 2721 Quamobrem
1000 2665 1206 2720 spadones
1236 2695 1249 2716 ,

213 2742 388 2784 quorum
423 2725 592 2768 nomine
625 2725 796 2766 veniunt
826 2723 951 2765 etiam
983 2723 1011 2766 ii
1034 2752 1051 2774 v,
1082 2722 1152 2777 qui
1188 2722 1237 2763 sa-

213 2783 346 2827 nabili
380 2782 484 2825 vitio
516 2781 715 2834 Corporis
759 2779 806 2821 ad
848 2780 1124 2832 generandum
1158 2778 1263 2821 sunt·

218 2841 360 2885 idonei
388 2872 400 2892 ,
432 2837 649 2893 adoptandi
686 2837 923 2879 facultatem
954 2836 1130 2879 habent.

272 2896 476 2940 'Foeminae
507 2895 695 2951 quamvis
726 2894 906 2948 adoptari
935 2895 1086 2949 *poffint
1112 2922 1132 2946 -,
1165 2908 1248 2935 non

205 2966 355 2999 'maten
389 2953 478 3009 ipsae
510 2952 669 3008 possunt
701 2951 889 3007 adoptare
922 2951 1058 3005 a1i0s3
1090 2949 1164 2994 nifi
1196 2964 1267 2995 ex-

543 3111 809 3125 —-·-—-.--—.

213 3116 426 3129 —ffl—-n—
923 3113 1248 3125 —————

287 3163 304 3182 a
389 3174 394 3179 .
421 3151 535 3191 penul.
557 3151 595 3188 ίζ.
612 3149 650 3180 de
675 3149 844 3192 adoption.

251 3151 402 3238 {6311ss
433 3196 481 3226 6.'
508 3194 708 3237 ,deadap‘n

741 107 1831 170 INSTITUTIONES

1303 186 1561 243 indulgentia
1605 188 1808 245 Principis
1842 221 1856 243 ,
1906 207 2040 239 unum
2086 205 2252 241 tantum
2293 194 2344 240 ad

1306 244 1496 289 solatium
1526 245 1770 290 amissorum
1803 249 2048 295 Liberorum
2074 283 2084 295 .
2117 255 2196 306 (c)

1536 360 1983 406 TITULUS
2043 366 2099 408 V.

1399 470 1559 526 Quibus
1589 471 1820 586 modisJJIus
1847 474 1998 520 Patria·
2027 459 2242 535 Potestcitis

1491 561 1493 563 -
1706 575 1709 578 Α
1739 549 1758 573 ο
1777 544 1921 576 vatur·

1310 642 1385 745 l)
1410 643 1585 688 Rimum
1631 645 1800 689 solvitur
1833 643 1965 692 Patria
2003 648 2176 694 Potestas
2207 666 2340 697 morte

1421 702 1637 764 Parentis:
1685 720 1781 746 nam
1813 705 1940 748 Filius
1970 721 2156 752 remanet
2190 708 2288 752 liber
2320 741 2334 763 ,

1299 759 1347 802 ὃ(
1378 759 1422 802 in
1460 761 1523 803 sua
1554 762 1747 816 potestate
1791 763 1941 807 retinet
1971 764 2155 819 proprios
2189 766 2339 809 Filios.

1300 818 1378 859 Sed
1410 817 1570 860 siPater
1597 834 1742 862 'eorum
1769 851 1780 871 ‚
1813 833 1911 864 ante
1942 834 2121 865 mortem
2154 824 2341 868 emanci-

1300 888 1419 930 patus
1447 874 1618 930 fuisset,
1662 877 1755 920 Filii
1789 878 1909 932 ipfius
1934 910 1948 932 ,
1995 879 2073 922 fixre
2107 880 2291 936 Nepotes
2325 911 2338 934 ‚

1296 932 1371 988 qui
1411 933 1698 976 remanserunt
1739 934 1785 976 in
1824 936 1905 978 Avi
1951 936 2146 991 potestate
2175 969 2187 988 ,
2239 941 2335 982 Avo

1304 1002 1467 1033 mortuo
1495 1017 1513 1043 ἢ,
1554 991 1673 1036 liberi
1706 993 1811 1035 fiunt
1842 1009 1857 1046 ς
1896 1008 2030 1050 neque
2074 995 2257 1039 recidunt
2292 996 2335 1039 in

1294 1047 1539 1103 :potest-atem
1572 1048 1702 1093 'Patris
1732 1065 1873 1092 eorum
1902 1083 1913 1103 ,
1944 1052 2020 1094 nisi
2052 1053 2178 1096 Filius
2204 1085 2216 1107 ‚
2251 1068 2337 1097 non

1297 1106 1637 1161 emancipatione
1670 1105 1797 1150 Patris
1830 1107 1885 1150 sui
1907 1136 1922 1161 3
1954 1109 2013 1152 sed
2048 1110 2230 1164 suprema
2261 1111 2339 1154 ali-

1302 1178 1380 1219 qua
1412 1164 1612 1219 dignitate
1637 1195 1649 1217 ‚
1690 1164 1740 1207 vde
1787 1164 1976 1219 potestate
2013 1167 2139 1210 Patris
2170 1168 2343 1222 exisset3

1303 1236 1400 1263 nam
1432 1234 1552 1274 tum,
1587 1238 1636 1264 ne
1668 1221 1845 1278 dignitas
1874 1222 1913 1264 vei
1946 1223 1992 1265 fit
2023 1224 2203 1278 damno,
2229 1242 2340 1268 mor-

1300 1290 1374 1321 tuo
1405 1278 1521 1321 Patre
1546 1308 1560 1331 ³
1593 1279 1794 1323 Filiorum
1825 1279 1989 1324 suorum
2018 1282 2256 1337 potestatem
2278 1297 2342 1328 re-

1292 1334 1454 1378 ·tinebit
1482 1367 1492 1378 .
1535 1334 1622 1389 (d)

1358 1394 1545 1437 Secundo
1591 1394 1761 1437 lolvitur
1792 1391 1928 1439 Patria
1962 1394 2142 1440 Potestas.
2178 1412 2223 1440 ea
2255 1412 2340 1453 poe-

1299 1464 1355 1493 na
1393 1482 1406 1502 ,
1462 1462 1551 1508 ‘quat
1588 1452 1737 1495 vadimit
1779 1454 2011 1496 Civitatem
2056 1456 2292 1497 Romanam
2327 1471 2337 1496 t

1270 1546 1273 1547 ⁷
1302 1524 1426 1565 eaque
1457 1509 1686 1564 appellatur
1716 1510 1851 1553 media
1883 1510 2071 1566 Capitis,
2103 1510 2182 1555 five
2216 1511 2336 1555 status

1270 1580 1272 1582 ·
1300 1566 1476 1609 humani
1508 1567 1759 1611 diminutio.

1300 1677 1304 1681 ‚
1360 1623 1511 1668 Tertio
1540 1624 1714 1668 'solvitur
1742 1624 1937 1669 >servitute
1962 1656 1975 1678 ,
2018 1624 2097 1668 five
2128 1625 2341 1670 amissione

1305 1681 1501 1726 libertatis
1528 1709 1545 1736 -‚
1583 1698 1674 1738 quae
1717 1683 1900 1726 maxima
1942 1682 2087 1738 capitis
2116 1682 2341 1727 diminutio

1304 1751 1565 1794 nuncupatur
1580 1768 1593 1782 t
2228 1758 2231 1759 ⁷

1361 1799 1520 1852 Quarto
1555 1792 1726 1840 solvitur
1756 1795 1892 1840 Patria
1917 1794 2093 1840 Potestas
2117 1797 2340 1853 Episcopa-

1296 1865 1366 1898 tus
1396 1887 1408 1907 ,
1451 1854 1493 1897 δε
1520 1855 1652 1897 etiam
1685 1853 1978 1898 Cardinalatus
2009 1854 2212 1910 dignitate
2231 1886 2241 1896 .

1360 1911 1519 1968 Quinto
1559 1911 1730 1955 'solvitur
1772 1911 2107 1967 emancipatione
2133 1943 2145 1964 ,
2184 1910 2253 1967 qui
2285 1910 2341 1954 est

1297 1969 1411 2012 aS‘tus
1442 1969 1677 2025 legitimus,
1705 1982 1779 2025 'per
1810 1984 1933 2025 quem
1963 1969 2084 2012 Pater
2114 1980 2210 2011 ante
2243 1970 2340 2011 Ma-

1297 2027 1516 2083 *gistratum
1549 2025 1728 2069 declarat
1754 2059 1766 2079 ‚
1822 2027 1854 2069 se
1887 2024 1997 2069 nolle
2030 2025 2208 2083 amplius
2241 2025 2339 2068 Fili-

1301 2100 1370 2127 um
1405 2084 1447 2127 i'n
1482 2083 1545 2126 sua
1574 2084 1768 2138 potestate
1807 2084 1956 2127 habere
1978 2114 1988 2125 .

1356 2141 1468 2184 'Cum
1501 2142 1590 2196 quis
1621 2141 1729 2184 bello
1760 2153 1900 2197 captus
1929 2141 1974 2183 vin
2000 2139 2244 2184 -servitutem
2262 2139 2338 2183 hb-

1301 2199 1417 2242 stium
1453 2199 1676 2253 redigitur,
1708 2199 1841 2242 Patria
1874 2198 2046 2241 Potestas
2079 2198 2120 2241 in
2155 2197 2338 2252 suspenso

1301 2269 1464 2299 manet:
1501 2271 1596 2299 nam
1631 2254 1656 2298 si
1684 2257 1792 2311 apud
1815 2256 1964 2300 Hostes
1982 2255 2172 2306 decedat,
2204 2255 2334 2298 fimo-

1301 2330 1350 2359 ne
1381 2313 1760 2370 Legis'Corneiiae,
1795 2329 1866 2369 pro
1901 2326 2064 2356 mortuo
2092 2312 2267 2354 habetur
2281 2312 2331 2354 ab

1300 2388 1348 2415 eo
1380 2372 1464 2427 ipso
1497 2385 1679 2426 tempore
1708 2403 1719 2425 ‚
1750 2387 1830 2427 quo
1862 2370 1906 2413 in
1940 2369 2130 2413 Hostium
2160 2368 2334 2423 potesta-

1264 2437 1267 2439 '
1293 2441 1383 2473 ‘tem
1412 2428 1576 2472 devenit
1602 2444 1611 2469 τ
1654 2428 1696 2471 Si
1730 2427 1894 2471 redierit
1925 2427 1967 2469 in
2002 2427 2179 2469 Patriam
2209 2458 2222 2479 ,
2264 2440 2334 2480 per

1261 2492 1265 2494 ’
1298 2489 1395 2540 Jus,
1427 2486 1532 2542 quod
1567 2485 1807 2540 postliminii
1840 2484 2009 2531 dicitur,
2044 2483 2179 2526 Patria
2214 2484 2333 2527 Pote-

1293 2547 1371 2588 stas
1402 2544 1726 2599 redintegratur.
1808 2596 1810 2598 -
2036 2595 2044 2602 .

1355 2600 1635 2654 Emancipato
1654 2612 1797 2643 autem
1813 2598 1916 2642 Filio
1930 2629 1943 2650 ,
1966 2597 1994 2640 ‘fi
2010 2612 2092 2648 ejus
2110 2599 2233 2640 Uxor
2246 2594 2330 2640 edi-

1295 2659 1397 2703 derit
1413 2659 1838 2711 Partumconceptum
1859 2670 2049 2710 tempore
2066 2686 2078 2708 ‚
2101 2671 2182 2712 quo
2195 2653 2331 2697 Mari-

1296 2730 1359 2760 tus
1374 2727 1463 2759 erat
1490 2716 1533 2757 in
1554 2715 1748 2767 potestate
1768 2714 1921 2764 Patris,
1952 2713 2009 2763 is,
2035 2713 2102 2768 qui
2126 2713 2330 2763 nascitur,

1297 2789 1379 2816 non
1396 2772 1521 2814 Patris
1536 2803 1548 2823 ,
1572 2771 1629 2814 sed
1648 2771 1730 2813 Avi
1753 2772 1942 2826 potestate
1957 2770 2190 2813 continetur
2204 2784 2216 2819 3
2231 2784 2330 2810 con·

1298 2845 1357 2874 tra
1389 2829 1415 2872 si
1435 2841 1662 2882 ‘con-ceptus
1693 2828 1768 2871 fuit
1799 2828 1890 2885 'post
1925 2826 2329 2881 emancipationem.

1354 2888 1469 2930 Sicut
1517 2899 1654 2929 autem
1702 2886 1837 2928 Liberi
1869 2917 1881 2938 ,
1928 2883 2046 2927 semel
2096 2900 2116 2926 e
2160 2882 2329 2938 potesta-

1298 2959 1337 2989 te
1370 2945 1518 2988 dimissi
1544 2974 1556 2996 ,
1600 2944 1779 2987 revocari
1815 2944 1865 2986 {n
1909 2941 2146 2998 potestatem
2178 2954 2330 2993 neque-

2225 3008 2329 3041 unte

1344 3143 1391 3182 (c
1404 3143 1421 3178 )
1447 3144 1480 3173 0-
1497 3142 1535 3173 de
1556 3142 1663 3181 adopt.
1686 3144 1723 3174 L.
1740 3141 1921 3174 Mulierum
1940 3147 1970 3179 5.

1344 3189 1363 3229 ζ
1376 3188 1396 3221 d
1409 3187 1428 3228 2
1452 3189 1544 3221 Nov.
1564 3187 1594 3219 8.
1610 3196 1634 3220 c.
1648 3195 1683 3216 2.
