2451 3470
639 104 1749 170 oR.:AT10Nizs.
2146 124 2253 178 107

132 189 332 247 exemplis
373 185 624 233 innocentiae
672 198 794 244 atque
824 183 1009 230 candoris
1039 199 1170 240 popu·
1189 198 1198 216 ·
1217 183 1354 237 resque
1384 179 1536 223 nostras
1565 177 1706 222 frustra
1731 174 2013 224 verberantem
2039 208 2053 232 ,
2098 186 2244 238 quatri-

135 250 194 293 los
224 250 272 293 ad
298 261 372 292 nos
404 245 507 290 olim
546 245 750 289 traximus
777 244 1015 295 universos,
1057 257 1166 284 nunc
1218 254 1308 284 mus
1339 238 1382 280 in
1411 237 1666 294 privatorum
1703 234 1928 296 quaestuosis
1952 235 2246 295 opinionibus,

134 306 238 362 proh
271 305 426 364 pudor!
458 303 555 347 adeo
586 300 868 346 affefflonibus
891 297 1072 355 propriis
1095 314 1166 354 pu·
1215 298 1261 342 &
1285 294 1340 340 sui
1365 294 1484 351 ipsius
1506 307 1646 338 amore
1673 303 1905 348 corruptis,
1929 307 2150 349 puramque
2163 297 2251 339 Ca.

133 365 293 408 riffimae
317 378 363 406 ac
393 359 695 413 simplicissimae
721 357 820 411 legis
852 355 974 400 verba
1001 366 1167 402 contur-

134 422 275 464 bamus
300 450 313 473 ‚
345 431 390 462 ut
417 416 562 463 officiis
592 413 737 460 nostris
771 413 859 466 iusti
887 425 1007 468 atque
1032 410 1167 463 injusti

131 477 349 522 discrimen
379 475 460 520 fere
478 475 529 519 ab
566 471 848 518 universorum
882 469 1162 515 oculis-abstu-

135 534 332 579 lerimus.
710 572 713 575 .

188 590 469 647 Quamobrem
501 587 630 644 quaeso
661 602 732 630 vos
755 617 769 642 ‚
803 599 1004 629 novarum
1039 582 1166 628 inter-

133 648 410 704 pretationum
434 646 614 690 auuores
644 675 657 697 ‚
695 643 722 686 fi
754 658 876 699 quem
902 641 1068 686 Christo
1096 642 1163 684 ha·

133 706 234 750 betis
252 706 452 748 honorem
468 734 481 757 ,
513 702 578 747 cui
603 698 784 755 professo
805 700 921 743 credo
949 713 1019 743 vos
1046 698 1168 742 habe-

134 778 175 806 re
196 761 419 818 plurimum
440 792 452 813 ‚
478 759 607 802 nolite
631 755 794 799 obsecro
808 756 1066 800 committere
1080 770 1169 798 am·

133 819 264 876 pliuS,
295 831 340 860 ut
375 816 475 859 illud
506 815 550 857 in
577 813 730 856 nostros
758 828 889 856 mores
918 814 968 855 ab
993 812 1169 855 hostibus

135 874 399 926 conferatur,
429 872 536 929 quod
580 871 654 914 suis
679 869 726 913 de
751 870 1000 924 temporibus
1031 869 1169 912 Livius

137 930 458 988 pronunciavit:
490 929 681 971 Nondum
701 959 714 981 ,
735 927 948 983 inquiens,
969 943 1051 982 quae
1069 942 1171 968 nunc

133 1000 236 1031 tenet
277 986 454 1041 seculum
496 986 734 1042 negligentia
765 987 939 1029 Deorum
973 995 1135 1027 venerat
1156 1014 1170 1037 ,

133 1062 202 1088 nec
238 1044 528 1100 interpretando
560 1042 646 1096 fibi
683 1043 852 1097 qutsque
891 1041 1172 1094 iusiurandum

130 1101 187 1146 &¹
222 1103 323 1156 leges
347 1112 468 1156 aptas
485 1098 691 1154 faciebat,
716 1100 791 1153 sed
813 1099 908 1154 suos
925 1099 1060 1156 potius
1089 1114 1170 1141 mo-

133 1175 194 1203 res
225 1160 280 1201 ad
312 1174 379 1200 eas
408 1158 745 1201 accommodabat.

195 1214 347 1258 Nolite
372 1214 545 1272 denique
559 1220 640 1257 'nos
663 1213 889 1258 obtundere
912 1211 1172 1270 amplius‚ac

136 1287 320 1329 regerere
339 1271 682 1316 commentitium
708 1272 809 1316 illud
835 1272 1010 1316 vestrum
1025 1269 1172 1315 Eccle-

135 1329 198 1372 fiae
235 1328 440 1373 silentium
465 1361 479 1383 ‚
509 1328 617 1385 quasi
645 1327 815 1373 tacendo
841 1328 914 1373 illa
936 1339 1081 1373 contra
1105 1327 1171 1371 in·

138 1386 381 1430 novationes
409 1387 554 1430 vestras
585 1386 773 1441 antiquas
800 1386 961 1442 pietatis
984 1385 1172 1442 legesab·

136 1443 370 1498 rogaverit.
401 1443 547 1498 Neque
576 1473 589 1496 ,
623 1443 724 1487 surdi
757 1459 852 1487 cum
888 1443 1009 1487 fimus
1036 1474 1048 1496 ,
1081 1458 1174 1486 rnu-

136 1511 222 1558 tam
253 1499 532 1544 existimemus
554 1499 776 1544 Ecclesiam
795 1533 804 1543 .
834 1504 885 1544 In
911 1502 1084 1557 plateis,
1112 1499 1176 1542 in-

166 1556 228 1599 uit
252 1555 447 1599 Salomon
465 1589 478 1609 ,
509 1558 656 1601 divina
673 1558 875 1614 sapientia
898 1559 1079 1601 clamitat
1094 1589 1106 1612 ‚
1132 1557 1175 1599 in

133 1571 302 1668 Jummis
327 1613 559 1669 excelsisque
599 1616 816 1659 verticibus
836 1616 962 1672 supra
989 1615 1102 1658 viam
1133 1614 1175 1656 in

134 1671 280 1735 mediis
304 1669 466 1723 semitis
491 1670 608 1726 stans
629 1675 746 1725 iuxta
771 1684 907 1729 portas
929 1673 1112 1716 civitatis
1132 1673 1176 1714 in

138 1725 411 1791 apsis-foribus
436 1759 445 1769 .
491 1730 691 1785 Loquitur
733 1730 934 1775 nimirum
964 1730 1133 1773 Ecclefia
1162 1759 1176 1781 ‚

117 1783 325 1840 ⁴loquitur
355 1784 510 1840 semper
534 1787 577 1830 &
609 1799 804 1843 perpetuo
836 1787 1022 1832 clamitat
1050 1788 1174 1831 sacro-

141 1856 234 1888 rum
259 1856 466 1904 canonum
495 1844 662 1887 vocibus
685 1875 698 1897 ‚
729 1840 917 1902 quamvis
948 1860 1022 1888 nos
1055 1843 1175 1901 longa

138 1897 402 1941 desuetudine
431 1914 515 1941 non
541 1901 721 1956 amplius
744 1903 1032 1946 exaudiamus.

170 2011 179 2019 “
198 1956 260 1998 At
287 1954 311 1996 fi
339 1954 540 2020 sacrorum
569 1975 777 2004 canonum
806 1961 963 2004 codices
986 1958 1176 2004 evolvere

139 2021 380 2068 Plgfefflffl’,
410 2028 511 2068 qum
543 2030 734 2065 mentem
772 2018 968 2061 vertimus
1004 2016 1177 2059 ad'sole-

141 2084 258 2111 mnes
277 2068 468 2112 Ecclesiae
485 2073 739 2118 caerimonias
755 2107 766 2128 ‚
792 2075 834 2131 ᾃ
855 2075 904 2118 ad
927 2074 1099 2128 psalmos
1116 2085 1175 2115 at-

141 2141 219 2182 que
245 2124 447 2179 hymnos,
480 2130 548 2182 qui
581 2131 698 2176 sacris
723 2131 960 2187 peragendis
973 2129 1175 2186 quotidia-

143 2198 199 2247 119
221 2195 347 2225 cantu
372 2181 631 2248 funduntur,
661 2204 682 2232 e
719 2189 864 2245 quibus
893 2188 1058 2232 vocibus
1083 2185 1179 2243 quid

139 2239 249 2283 aliud
275 2255 550 2293 acceperimus
567 2276 579 2297 ‚
597 2245 679 2289 ,nisi
708 2261 844 2290 rerum
872 2245 1064 2288 omnium
1081 2259 1179 2288 con-

145 2308 320 2341 temtum
343 2296 388 2338 &
419 2298 707 2346 abstinentiam
734 2301 994 2357 voluptatum
1028 2313 1180 2345 artem-

145 2369 222 2408 que
266 2353 492 2398 nostrorum
552 2359 873 2403 ulciscendorum
919 2359 1144 2403 criminum
1171 2390 1181 2402 .

144 2410 583 2474 Resonant-perpetuo
614 2416 772 2473 templa
806 2416 1064 2472 poenitentiae
1080 2431 1181 2472 prae-

149 2479 277 2521 CCPUS
296 2497 308 2519 a
341 2466 383 2509 δί
411 2469 705 2524 Prophetarum
726 2505 738 2525 ‚
773 2473 1090 2528 Apostolorum,
1120 2484 1183 2516 at-

146 2538 225 2585 que
245 2525 609 2586 -Exfangelistarum
639 2529 794 2585 scriptis
824 2530 1087 2586 praelegendis
1113 2530 1182 2573 ab·

152 2581 351 2642 [tinentiae
375 2582 528 2646 legibus
564 2586 732 2630 reboant
753 2586 861 2630 *aedes
888 2588 1003 2631 sacrae
1030 2620 1044 2642 ,
1075 2602 1183 2630 nun-

149 2650 342 2692 tiantque
365 2654 540 2693 parietes
559 2643 629 2697 ipsi
658 2644 796 2699 priscae
823 2659 1023 2699 ptaecepta
1057 2644 1184 2687 virtu-

1219 366 1376 398 nonum
1404 353 1448 396 &
1480 352 1682 395 sacrorum
1709 348 1914 393 librorum
1938 348 2158 394 scatebram
2178 352 2247 396 de-

1219 413 1417 463 serenteS,
1448 408 1637 453 cisternas
1668 407 1846 464 petimus
1875 407 2076 462 dissipatas
2104 437 2114 449 .

1274 469 1434 513 Verum
1460 497 1473 520 ‚
1512 466 1539 510 fi
1573 466 1623 510 ad
1648 465 1768 510 verba
1793 466 2021 508 Canonum
2044 462 2253 508 obsurdui.

1218 540 1336 580 mus,
1359 516 1501 569 oculos
1521 536 1660 568 tamen
1678 521 1917 566 attollamus
1940 521 1988 565 ad
2010 521 2120 566 viam
2136 521 2252 567 istam

1215 580 1437 638 disciplinae
1450 580 1600 625 veteris
1622 579 1882 637 imaginem3
1906 594 2031 635 quam
2047 609 2059 633 ,
2085 592 2133 622 ut
2146 594 2247 622 con·

1220 639 1386 694 speffior
1408 637 1504 681 esset
1526 639 1719 683 omnibus
1742 637 1790 681 ὅτ,
1820 637 2074 692 temporibus
2089 636 2256 691 &gen-

1218 696 1350 749 tibus,
1371 694 1575 748 insculpsit
1601 710 1730 748 nuper
1741 694 1908 738 Deusin
1923 694 2096 750 ipsomet
2111 692 2258 738 Eccle-

1218 752 1280 795 siae
1310 751 1443 807 capite
1479 752 1824 796 CLEMENTE
1857 753 1940 798 XI.
1969 750 2082 803 cujus
2107 766 2154 794 ex
2185 765 2256 794 ore

1217 821 1338 866 atque
1362 807 1552 863 operibus
1578 823 1672 853 vera
1704 810 1830 865 pietas
1866 824 2010 853 vocem
2035 808 2080 853 ὃς
2104 807 2254 852 faciem

1216 865 1377 911 emittit
1400 865 1511 909 suam
1531 897 1542 908 .
1573 866 1719 923 Neque
1745 866 1859 910 enim
1888 865 1957 910 ille
1970 866 2058 911 alio
2080 865 2252 909 nomine

1219 924 1479 976 maximam,
1510 938 1634 978 quam
1666 923 1735 966 diu
1777 923 1975 967 recusavit
2003 955 2016 979 ‚
2044 923 2248 966 sacrorum

1219 980 1459 1038 potestatem
1497 980 1683 1036 accepit,
1714 979 1788 1024 nisi
1826 992 1870 1023 ut
1910 981 2115 1025 summum
2142 979 2254 1023 sube-

1220 1039 1329 1082 undo
1352 1037 1631 1081 molestiarum
1651 1069 1664 1092 ‚
1694 1037 1738 1081 δε
1771 1051 2005 1082 extremum
2031 1036 2253 1082 severitatis

1218 1096 1262 1140 δι
1303 1094 1558 1140 abstinentiae
1593 1094 1663 1139 sibi
1694 1094 1738 1138 ὅ(
1778 1094 1853 1138 suis
1878 1095 2144 1151 imperando,
2177 1094 2259 1137 im-

1191 1193 1193 1196 .
1220 1152 1465 1197 mortalibus
1499 1151 1752 1196 concionum
1795 1152 1960 1196 suarum*
1989 1152 2121 1197 verbis
2145 1182 2159 1205 ,
2190 1165 2262 1206 pe-

1221 1209 1490 1265 rennibusque
1521 1208 1853 1253 Christianarum
1889 1208 2092 1253 virtutum
2117 1223 2261 1252 exem-

1221 1268 1301 1326 plis
1327 1267 1520 1323 panderet
1554 1265 1748 1310 omnibus
1784 1281 1928 1309 verum
1959 1266 2148 1311 Ecclesiae
2174 1265 2262 1308 sen-

1223 1327 1308 1370 sum
1328 1357 1340 1379 ,
1369 1325 1412 1368 &
1439 1324 1574 1381 priscae
1598 1322 1821 1377 disciplinae
1853 1323 1988 1367 lucem
2009 1323 2254 1367 restitueret.

1280 1382 1452 1438 Atqui,
1495 1382 1522 1425 si
1565 1379 1777 1423 oblivione
1828 1391 2011 1423 veterum
2057 1394 2265 1424 canonum

1222 1440 1353 1485 effluit
1378 1439 1498 1483 nobis
1522 1438 1759 1493 graviorum
1794 1439 2113 1492 praeceptionum
2142 1435 2259 1479 utili-

1223 1511 1283 1542 tas
1303 1530 1315 1551 ,
1349 1495 1484 1540 nihilo
1511 1494 1710 1548 majorem
1741 1493 1918 1538 frustum
1946 1495 2128 1550 capimus
2155 1509 2176 1537 e
2205 1493 2263 1536 le-

1223 1557 1338 1611 gibus
1376 1553 1571 1597 humanis
1598 1584 1610 1607 ,
1650 1567 1750 1609 quas
1787 1551 2021 1596 tabularum
2052 1551 2266 1606 strepitus,

1223 1614 1267 1656 &
1298 1611 1486 1668 procellae
1515 1611 1690 1654 forenses
1715 1625 1817 1665 pene
1847 1610 2074 1653 merserunt
2103 1640 2113 1651 .
2146 1609 2262 1664 Quo·

1222 1669 1452 1726 tusqnisque
1482 1669 1596 1713 enim
1628 1682 1799 1721 eorum,
1833 1667 1902 1723 qui
1941 1666 2030 1710 foro
2061 1666 2149 1708 sunt
2171 1679 2268 1719 ope-

1226 1743 1313 1771 ram
1328 1726 1459 1770 daturi
1476 1758 1488 1780 ‚
1520 1727 1596 1770 hac
1623 1737 1740 1769 aetate
1771 1725 1943 1767 studium
1969 1723 2149 1767 Romani
2168 1721 2266 1774 juris

1225 1785 1274 1829 ab
1305 1783 1390 1839 ipso
1421 1796 1625 1828 contextu
1655 1783 1790 1838 legum
1813 1781 2078 1836 auspicatur,
2107 1780 2150 1823 δι
2185 1793 2270 1822 non

1227 1841 1359 1897 potius
1378 1857 1401 1884 a
1430 1840 1565 1893 jejuna
1588 1841 1632 1886 &
1659 1838 1758 1885 exili
1789 1838 1924 1894 aliqua
1953 1837 2143 1895 congerie
2163 1836 2273 1880 steri-

1227 1900 1331 1944 lium
1360 1898 1648 1944 definitionum
1683 1914 1729 1942 ac
1753 1896 1975 1956 puerilium
2003 1893 2268 1949 regularum?

1226 1971 1325 2014 quas
1356 1956 1424 2000 ubi
1459 1956 1523 2000 sex
1566 1955 1770 2001 mensibus
1819 1952 2072 1998 defunaorie
2105 1965 2268 2008 percur-

1227 2015 1380 2065 rerint,
1411 2013 1455 2056 &
1486 2013 1779 2070 aliquantisper
1807 2011 1988 2054 indicem
2010 2010 2188 2066 aliquem
2205 2022 2268 2052 re-

1228 2088 1319 2116 rum
1353 2070 1619 2122 judicatarum
1654 2068 1977 2127 perreptaverint
2004 2098 2017 2121 ,
2067 2065 2267 2109 continuo

1229 2130 1276 2172 ad
1311 2128 1490 2171 subsellia
1524 2129 1795 2181 prodeuntes,
1828 2137 2023 2180 tanquam
2056 2138 2103 2167 ex
2137 2123 2266 2176 tripo-

1228 2186 1275 2229 de
1307 2184 1485 2229 fundunt
1517 2185 1616 2237 juris
1647 2184 1838 2228 oracula:
1871 2194 1914 2225 ut
1946 2180 2267 2233 nostristempo-

1230 2243 1340 2286 ribus
1371 2241 1523 2298 frigida
1557 2242 1688 2286 fuiffet
1716 2258 1765 2285 ac
1808 2238 1945 2283 tenuis
1977 2238 2046 2282 illa
2078 2250 2148 2300 tua
2180 2234 2270 2292 glo-

1231 2300 1376 2351 riatio,
1412 2302 1556 2343 Marce
1570 2299 1720 2353 Tulli,
1752 2298 1819 2355 qui
1838 2295 1986 2340 Servio
2001 2294 2210 2349 Sulpicio,
2242 2291 2269 2334 fi

1229 2357 1305 2401 tibi
1337 2357 1594 2400 stomachum
1628 2355 1815 2401 movisset
1840 2384 1853 2407 ‚
1903 2350 2269 2414 Jurisprudentiam

1229 2414 1364 2458 triduo
1398 2413 1663 2470 professurm
1694 2427 1736 2458 te
1768 2410 2052 2457 minitabarist
2086 2408 2124 2452 id
2156 2421 2271 2450 enirn

1230 2470 1312 2524 jam
1343 2470 1391 2515 de
1427 2472 1461 2515 se
1509 2470 1628 2514 nobis
1668 2469 1835 2527 quisque
1881 2466 2071 2522 puerulus
2101 2464 2271 2526 pollice-

1231 2541 1298 2572 tur
1331 2559 1343 2581 ,
1389 2528 1485 2571 dum
1517 2527 1820 2572 elementorum
1855 2522 2132 2568 literariorurn
2163 2521 2272 2563 ordi·

1233 2600 1328 2630 nem
1362 2596 1499 2628 teneat
1529 2583 1772 2629 memoriter
1804 2615 1816 2637 ‚
1858 2597 1939 2638 quo
1971 2581 2015 2624 sit
2046 2579 2093 2622 ad
2125 2577 2270 2621 cofisu-

1233 2642 1373 2686 lendos
1404 2641 1557 2687 indices
1590 2642 1789 2686 librorum
1821 2638 2016 2691 idoneus,
2047 2636 2091 2680 δι
2111 2637 2270 2692 primo-

146 2697 201 2741 tis
226 2727 239 2750 ‚
285 2708 352 2748 per
378 2695 503 2741 sacros
537 2717 681 2745 omnes
719 2701 904 2755 impressa
928 2703 1029 2746 ritus
1056 2718 1066 2744 ε
1111 2716 1186 2744 nos
1208 2709 1212 2745 l
1234 2699 1344 2743 ribus
1379 2698 1499 2743 labris
1546 2699 1674 2743 sordes
1721 2699 1810 2743 illas
1840 2695 2121 2740 consceleratae
2151 2691 2268 2735 Lati-

148 2770 248 2799 vero
274 2783 287 2805 ‚
334 2751 399 2795 vel
436 2756 531 2808 quia
571 2773 736 2812 corpore
771 2760 979 2813 praesentes
1005 2792 1018 2814 ,
1045 2771 1184 2803 mente
1209 2757 1212 2771 '
1235 2756 1379 2801 nitatis
1411 2757 1597 2809 attigerit
1623 2788 1633 2800 .

151 2813 369 2875 absumus3
399 2812 463 2854 vel
502 2813 596 2868 quia
621 2815 840 2859 melodiam
871 2817 1032 2861 auribus
1055 2849 1068 2871 ,
1097 2831 1184 2860 non
1293 2814 1400 2858 Proh
1435 2815 1608 2859 vestram
1629 2813 1781 2857 fidem!
1813 2810 2023 2867 Quirites,
2053 2823 2134 2864 quo
2150 2815 2272 2849 ruunt

152 2886 249 2914 vero
294 2880 487 2933 pietatem
532 2871 949 2934 animo'captamu33
992 2874 1055 2917 vel
1089 2873 1184 2929 quia
1235 2883 1372 2917 mores
1403 2870 1585 2929 legesque
1618 2870 1726 2925 illae,
1756 2869 1903 2927 quibus
1935 2864 2156 2910 condendis
2179 2878 2274 2926 ’om-

154 2927 281 2983 longa
313 2925 566 2990 negligentia
599 2928 873 2973 obcalluimus
907 2962 919 2984 ,
961 2946 1035 2984 pro
1069 2930 1185 2974 salia-
1238 2945 1332 2973 nem
1367 2931 1557 2973 Graecam
1593 2928 1831 2982 sapientiam
1864 2926 1911 2970 ad
1945 2920 2273 2984 uostraduxifflQ

155 2985 264 3028 ribus
285 2985 599 3029 carminibus&
627 2988 1184 3042 veterummaneipationum
1235 3000 1492 3043 quarumque
1540 2986 1772 3030 salubritate
1819 2982 2037 3028 nationum
2081 2990 2274 3037 omnium

163 3039 354 3085 formulis
380 3040 624 3087 documenta
658 3042 728 3087 illa
760 3042 923 3106 pietatis
947 3044 1185 3098 accipimus,
1210 3039 1215 3082 1
1238 3043 1341 3087 vitia
1373 3043 1612 3088 emendastis
1640 3047 1668 3085 ?
1714 3044 1783 3086 En
1818 3056 1898 3096 quo
1931 3037 2061 3094 vergit
2094 3033 2277 3098 sapfhtas

156 3098 202 3146 δι
238 3096 427 3143 Ecclefiae
460 3114 602 3145 vocem
629 3131 643 3155 ‚
685 3100 777 3145 inde
818 3099 1085 3157 prodeuntem
1114 3084 1218 3183 ειη-λ
1240 3100 1379 3158 legum
1411 3100 1485 3145 illa
1515 3100 1764 3198 vestrarum),
1795 3113 1883 3153 quae
1911 3095 2027 3141 vobis
2044 3093 2104 3146 jus
2132 3106 2172 3133 in
2188 3104 2276 3131 ani-

1810 3165 1835 3196 2
2183 3159 2271 3193 mos

1725 3253 1738 3270 t
