2451 3470
516 84 877 159 Jussls
957 85 1853 141 RECEPTtoars

2136 107 2205 158 24

172 159 376 216 Quamvis
417 173 552 204 autem
595 160 685 215 quis
716 156 914 214 remiserit
944 156 1149 201 astionem
1204 158 1312 202 diam
1349 158 1555 222 recipiunt
1576 180 1586 200 t
1619 159 1758 214 anue
1789 160 1903 203 datur
1934 162 2096 218 quidem
2129 163 2243 208 here-

112 217 373 262 criminalem
391 248 404 271 ‚
434 232 513 272 qua
543 217 757 273 propriam
779 213 972 277 injuriam
993 213 1145 276 ulcisci-

109 284 207 328 tur3
238 286 378 318 tamen
414 273 539 326 potest
569 287 684 328 agere
716 271 874 315 afflone
896 270 1010 313 civili
1030 271 1076 313 ad
1094 285 1152 313 re-

108 329 333 374 ficiendum
385 330 453 374 sibi
485 331 682 372 damnum
708 359 720 382 ‚
751 329 795 372 &
826 328 882 371 ad'
904 327 1149 389 consequen-

109 385 209 432 dum
239 386 347 445 quod
379 386 446 431 sua
465 386 620 430 interfit
634 385 833 444 damnum
847 398 931 426 non
947 381 1150 440 accepisse.

286 497 760 544 .T1TULUS
848 495 950 541 XV.

165 613 233 658 De
265 608 596 671 obligationibus,
626 628 709 668 quae
739 608 852 665 quast
881 626 926 653 ex
955 608 1092 652 delic‘lo

510 669 722 722 nascuntur
741 698 750 710 .

241 781 420 826 Uamvis
459 797 509 825 ex
553 780 700 824 delicio
743 779 857 822 dolus
897 778 995 822 abfit
1026 809 1039 830 ‚
1088 790 1144 821 ta-

260 855 356 883 men
388 839 431 882 in
461 853 510 881 eo
539 837 582 880 &
613 837 731 891 culpa
764 836 931 889 punitur
962 866 972 876 .
1022 835 1148 877 Unde

105 894 236 946 Iudex
261 926 273 948 ‚
321 895 390 950 qui
424 893 536 936 litem
573 893 679 935 suam
715 891 855 934 fecerit
880 922 890 942 ,
937 891 978 933 h.
1009 907 1044 934 e.
1069 893 1144 954 ‘qui

104 952 216 994 male
269 965 338 1006 per
381 948 631 1005 imperitiam
664 948 900 999 judicaverit
934 979 946 1000 ‚
987 962 1146 1003 cogitur

104 1021 240 1065 poenae
282 1007 454 1050 nomine
504 1006 675 1062 propriis
709 1004 1024 1067 sumtibus-earn
1061 1017 1143 1067 par-

107 1075 195 1108 tem
228 1063 440 1113 defendere
466 1096 477 1117 ,
520 1079 592 1118 pro
623 1079 700 1119 qua
722 1067 1040 1116 pronunciavit}
1073 1075 1143 1123 ita-

105 1135 186 1176 que
218 1120 464 1164 sententiam
496 1120 598 1164 tueri
632 1121 738 1162 luam
770 1149 782 1170 ‚
815 1131 858 1160 ut
890 1117 926 1182 si¹
948 1117 1055 1161 male
1086 1134 1147 1180 ius

107 1176 250 1220 dicasse
281 1190 469 1234 appareat
501 1178 794 1220 condemnetur
825 1187 928 1219 tanti
957 1206 970 1228 ,
999 1190 1143 1231 quanti

115 1232 334 1284 judicantis
366 1234 556 1290 religioni
590 1233 792 1275 videatur.
957 1287 965 1294 .
1105 1286 1112 1295 .

170 1291 279 1334 Item
322 1290 598 1342 fissfeje'etum„
647 1289 867 1332 effusumve
898 1288 994 1344 quid
1028 1287 1072 1329 fit
1103 1302 1145 1329 m

105 1345 511 1402 aliquem‘egDomo
543 1345 715 1396 alicujus
736 1376 748 1397 ‚
781 1357 942 1387 tenetur
973 1345 1041 1400 qui
1077 1343 1143 1408 ha-

107 1402 212 1446 bitat
242 1433 255 1456 ‚
297 1400 402 1459 quod
448 1403 566 1446 servis
609 1414 744 1446 utatur
775 1401 948 1444 incautis
972 1433 985 1455 ‚
1027 1400 1070 1442 ὅ(
1102 1416 1143 1443 m

108 1459 281 1514 duplum
329 1458 435 1502 illati
479 1459 619 1502 damni
664 1457 926 1501 damnabitur
958 1489 967 1500 .
1015 1457 1143 1501 Sicuti

107 1515 277 1571 punitur
305 1547 317 1568 ,
356 1516 400 1559 ἃ
443 1517 610 1571 quidem
647 1531 694 1558 10
738 1531 954 1559 aureorum
987 1528 1144 1578 poena,

104 1571 176 1626 qui
219 1571 370 1628 aliquid
417 1573 590 1628 posuerit
615 1604 628 1626 ‚
672 1572 952 1628 suspenderit,
993 1584 1063 1614 aut
1106 1572 1141 1613 ld

104 1628 281 1683 positum
324 1626 601 1684 suspensumve
633 1628 707 1673 effe
739 1642 755 1676 t
786 1629 974 1672 lei-averit
1004 1628 1050 1671 in
1083 1627 1143 1670 lo-

103 1700 154 1728 co
184 1716 197 1737 ,
238 1701 320 1741 quo
352 1685 475 1742 vulgo
507 1685 674 1730 transire
705 1645 895 1741 hffiines
927 1685 1144 1729 consueve-

101 1755 201 1785 runt
231 1743 418 1798 ‚fldeout
447 1743 784 1798 decidenspoffit·
812 1743 934 1786 alicui
968 1757 1143 1806 nocere..

102 1799 170 1844 Ac
201 1797 228 1840 fi
259 1799 354 1853 quid
385 1798 528 1844 cadens
561 1799 818 1851 interemerit
851 1799 1068 1855 hominem
1096 1798 1143 1841 11-

104 1854 277 1908 berum,
307 1856 402 1912 quia
435 1871 517 1900 non
551 1852 1043 1911 recipitae'lfimationem,
1079 1870 1143 1918 50}

102 1927 322 1955 aureorum
369 1928 492 1969 poena
533 1914 586 1957 est
620 1913 774 1970 legibus
803 1913 1019 1957 constituta
1053 1944 1072 1975 ·.
1103 1913 1143 1955 81

100 1981 203 2011 vero
245 1968 278 2011 is
306 1984 358 2011 ex
389 1971 556 2014 vulnere
586 1971 736 2014 vixerit
761 2003 773 2023 ‚
805 1970 1146 2032 condemnabitur

104 2023 236 2080 culpae
267 2040 355 2067 reus
387 2026 429 2068 in
460 2027 687 2071 mercedem
717 2029 978 2072 Medicorum
1000 2058 1012 2079 ‚
1044 2026 1143 2069 &m

104 2081 147 2124 id
180 2112 192 2134 ‚
245 2081 351 2137 quod
383 2083 545 2128 interest
568 2115 580 2136 ‚
629 2095 698 2127 aut
730 2084 912 2128 intereffe
943 2084 987 2127 in
1020 2084 1141 2137 poste-

101 2153 200 2189 xum
233 2139 381 2193 poterit
415 2155 498 2183 non
531 2139 640 2183 fuiffe
701 2139 860 2183 laesum.

164 2195 206 2236 Si
250 2194 346 2251 quid
396 2213 492 2240 vero
537 2197 704 2240 effusum
737 2196 989 2247 dejeciumve
1022 2195 1144 2240 fuerit

103 2266 128 2294 e
169 2253 311 2294 Domo
352 2253 629 2304 filiifamilias
671 2254 842 2298 seorsum
873 2270 894 2296 a
931 2256 1043 2297 Patre
1074 2254 1140 2297 ha-

104 2306 275 2351 bitantis
299 2340 312 2363 ‚
361 2310 424 2353 vel
459 2310 484 2352 fi
518 2309 823 2354 Filiusfamilias
855 2310 961 2354 male
993 2310 1141 2362 judica-

102 2364 212 2408 verit
236 2396 250 2418 ,
295 2380 380 2409 non
425 2367 541 2413 Pater
573 2379 734 2411 tenetur
757 2399 769 2421 ‚
816 2367 874 2411 sed
907 2366 1032 2411 Filius
1061 2367 1143 2422 ipse

108 2419 322 2476 familias,
355 2439 405 2468 ne
436 2440 484 2466 ex
520 2423 593 2466 filii
625 2424 773 2467 delic‘to
787 2423 1142 2480 Paterobligetur.

164 2478 359 2523 Tandem
414 2480 654 2535 obligantur
705 2480 813 2535 quasi
861 2497 910 2527 ex
955 2481 1102 2524 defleto
1129 2514 1140 2535 ‚

106 2532 188 2578 five
220 2535 428 2580 maleficio
463 2538 642 2590 Nautae,
675 2536 892 2593 caupones
912 2569 924 2590 ‚
958 2538 1137 2588 Stabula-

103 2590 154 2634 rii
185 2621 198 2641 ‚
245 2591 274 2633 fi
306 2607 364 2635 res
395 2593 600 2637 viatorum
634 2608 833 2648 corruptae
862 2594 1042 2647 fuerint,
1072 2609 1141 2638 aut

112 2646 260 2690 ablatae
290 2663 313 2690 a
345 2648 509 2705 famulis
539 2681 551 2704 ,
584 2664 747 2704 propter
776 2667 951 2707 quorum
984 2651 1135 2695 fastum

113 2703 234 2746 datur
253 2718 394 2747 contra
409 2706 615 2750 Dominos
630 2739 642 2759 ‚
673 2720 816 2763 praeter
834 2710 932 2752 alias
946 2708 1138 2763 atticum,

113 2760 240 2803 etiam
286 2762 393 2804 aelio
423 2777 472 2804 ex
504 2762 609 2817 quasi
645 2763 885 2820 maleficio3
931 2779 1140 2821 propterea

108 2817 214 2872 quod
249 2831 390 2871 pravos
421 2819 632 2871 Ministros
662 2820 942 2867 adhibuerint.
975 2824 1062 2874 (a)

151 2874 265 2929 ·Quae
296 2874 403 2917 aetio
433 2867 560 2917 est'in
593 2873 744 2920 netum
777 2909 790 2931 ‚
821 2879 1010 2935 ad-dupli
1043 2880 1140 2923 aesti-

106 2931 336 2974 mationem
386 2930 526 2974 damni
558 2931 638 2974 dati
669 2932 715 2976 in
747 2949 788 2977 re
818 2966 831 2988 ,
874 2935 986 2987 c'ujus
1015 2938 1140 2980 custo-

97 3083 429 3098 *—-==—-—
789 3089 1140 3105 ————·-——-—

149 3117 169 3156 (
187 3115 240 3154 a)
266 3118 306 3148 L.
335 3125 362 3147 ι.
395 3118 421 3157 §-
448 3119 509 3149 us'r.
533 3087 572 3160 ᾗ
600 3127 709 3152 vatat-
735 3124 836 3160 camp.
856 3116 942 3158 stab.

1200 213 1314 258 dibus
1348 217 1661 269 Dominorum3
1695 230 1777 259 non
1809 230 1945 261 autem
1978 235 2122 263 contra
2154 221 2235 264 'ne-

1203 272 1311 315 redes
1344 274 1577 315 Nautarum
1603 303 1615 324 ‚
1647 273 1896 327 Cauponum
1920 305 1932 327 ,
1980 275 2023 318 &
2053 277 2241 331 Stabula,

1203 327 1383 371 riorum.
1418 330 1615 383 Iniquum
1647 329 1700 372 est
1731 330 1845 373 enim
1874 330 2035 374 heredes
2050 335 2175 378 teneri
2191 334 2244 381 ex*

1200 384 1307 439 quasi
1353 385 1555 429 maleficio
1597 385 1774 430 aliorum
1819 387 1924 444 unde
1958 387 2242 444 locupletiores

1201 455 1284 482 non
1317 440 1496 494 fuerint;
1529 457 1623 485 cum
1656 443 1717 485 hae
1749 443 1826 486 fint
1857 443 2036 488 aaiones
2051 446 2239 500 persona·

1201 497 1256 541 les
1274 529 1286 551 ,
1315 513 1403 553 quae
1434 510 1575 542 contra
1605 498 1768 544 heredes
1799 500 1977 547 minime
1998 504 2207 549 transeunt
2230 536 2240 549 .

1195 662 2236 725 Qffiffiwfflwffissssfflsfflsffism

1198 769 2232 829 INSTITUTIONUM

1289 896 1590 944 LIBER
1649 901 2122 951 QUARTUS.

1313 1012 1376 1054 De
1408 1011 1666 1067 Αἷὶίοῃίίῑιις,
1700 1015 2027 1073 Εκσερῐὶοηίὐιις,
2059 1019 2116 1062 (9*

1588 1072 1814 1115 Ιηίενάὶξῖἱς
1834 1104 1845 1115 .

1333 1180 1520 1224 Uoniarn
1553 1196 1716 1238 quartus
1749 1185 1868 1228 Liber
1893 1218 1906 1240 ,
1952 1189 2022 1244 qui
2055 1188 2234 1235 crimina

1343 1238 1655 1292 complectitur,
1688 1239 1769 1284 fere
1802 1256 1908 1286 totus
1940 1244 1982 1288 in
2006 1246 2234 1291 Institutio-

1196 1293 1312 1336 nibus
1344 1295 1645 1339 Criminalibus
1675 1298 1931 1352 explicatum
1964 1317 2038 1345 nec
2071 1317 2233 1358 tempus

1194 1350 1312 1393 nobis
1357 1351 1528 1405 suppetit
1560 1353 1607 1395 ad
1639 1357 1900 1399 commodam
1931 1359 2227 1412 expolitionem

1195 1407 1479 1467 materiarum¹
1506 1409 1693 1452 civilium
1726 1442 1738 1463 ‚
1781 1427 1868 1468 quae
1908 1415 2049 1457 eodem
2082 1431 2230 1470 quarto

1194 1464 1316 1507 Libro
1350 1465 1665 1519 interseruntur3
1700 1481 1908 1524 propterea
1941 1485 2013 1514 nos
2044 1472 2226 1526 explica-

1193 1521 1352 1563 tionem
1388 1522 1560 1566 nostratn
1594 1524 1767 1578 tempori
1799 1529 2156 1572 accommodantes
2186 1529 2233 1572 in

1192 1577 1480 1632 compendium
1513 1579 1590 1622 hoc
1622 1580 1847 1635 redegimus
1877 1583 2081 1637 affienes,
2112 1601 2231 1628 exce-

1193 1635 1378 1688 primes,
1409 1634 1454 1680 ὅτ,
1481 1636 1720 1691 interdicta,
1752 1639 1831 1682 sine
1863 1656 2036 1694 quorum
2059 1642 2136 1685 levi
2154 1642 2230 1685 sal-

1195 1702 1278 1734 tem
1336 1692 1575 1746 cognitione
1603 1725 1614 1745 ‚
1655 1709 1744 1750 quae
1795 1697 2042 1746 auditoribus
2096 1698 2231 1743 facem

1192 1748 1366 1802 praebeat
1396 1749 1443 1791 ad
1477 1750 1736 1805 persolvenda
1766 1768 1902 1798 rerum
1935 1753 2079 1798 harum
2109 1755 2228 1799 volu-

1193 1805 1306 1847 mina
1322 1836 1333 1857 ‚
1348 1804 1575 1861 plurimum
1589 1807 1783 1853 utilitatis
1802 1810 1943 1853 deeffet
1957 1811 2231 1868 Institutioni-

1194 1862 1265 1904 bus
1286 1862 1441 1915 nostris·‚
1458 1863 1649 1918 siquidem
1665 1864 1982 1921 Jurisprudentia
1998 1868 2079 1912 fere
2092 1869 2230 1912 omnis

1192 1916 1237 1962 in
1262 1918 1487 1962 actionibus
1515 1921 1556 1964 ἃ
1587 1920 1796 1976 judiciaria
1821 1939 1955 1979 pugna
1967 1925 2228 1969 diffunditur.

1252 1975 1440 2023 Aetionis
1482 1979 1652 2021 nomine
1685 1979 1921 2023 facultatem
1957 1982 2073 2024 illam
2105 1981 2228 2025 intel·

1193 2030 1361 2087 ligimns
1403 2033 1571 2076 adeundi
1605 2035 1783 2087 judicis,
1824 2038 1944 2080 nostri
1977 2036 2073 2090 juris
2103 2053 2230 2093 expe-

1192 2088 1323 2129 riundi
1359 2088 1470 2137 causa
1487 2122 1498 2142 ‚
1529 2091 1698 2146 ideoque
1711 2093 1901 2137 definitur
1914 2093 1974 2145 jus
1990 2094 2230 2151 persequen-

1191 2144 1228 2187 di
1263 2145 1305 2186 in
1337 2143 1488 2194 judicio
1510 2177 1522 2197 ‚
1555 2148 1659 2202 quod
1694 2148 1760 2190 fibi
1793 2149 1956 2194 debetur
1977 2181 1986 2193 .

1248 2202 1440 2256 Cumque
1479 2202 1656 2246 actiones
1688 2204 1730 2246 in
1758 2206 1892 2249 varias
1921 2206 2136 2250 divisiones
2165 2207 2226 2252 di-

1194 2257 1416 2311 scesserint,
1449 2273 1521 2302 nos
1552 2259 1735 2305 utiliores
1764 2262 1807 2304 δι
1836 2263 1968 2319 magis
1993 2264 2228 2310 necessarias

1191 2315 1402 2358 afferemus
1425 2347 1434 2357 .

1249 2371 1351 2413 Sunt
1383 2372 1510 2428 igitur
1539 2373 1718 2418 afflones
1750 2375 1970 2421 veljreales
1993 2409 2007 2431 ,
2037 2377 2101 2421 vel
2137 2393 2226 2433 per-

1195 2427 1369 2470 sonales.
1403 2428 1644 2473 Aetionibus
1675 2431 1850 2476 realibus
1883 2434 1963 2477 fine
1977 2434 2111 2490 aliqua
2126 2451 2226 2479 con-

1194 2483 1461 2539 templatione
1489 2486 1664 2542 personae
1692 2489 1922 2542 possidentis
1946 2493 2124 2545 petimus
2137 2507 2224 2536 rem

1194 2541 1319 2596 ipsam
1336 2540 1396 2583 vel
1415 2541 1589 2585 nostram
1611 2575 1622 2590 ,
1654 2544 1850 2589 velnobis
1863 2547 2040 2599 debitam
2055 2579 2065 2591 .
2086 2549 2225 2601 Ae'tio,

1193 2613 1270 2653 qua
1292 2613 1378 2641 rem
1399 2598 1575 2642 nostram
1595 2600 1767 2653 petimus
1781 2604 1830 2644 ab
1843 2604 1924 2646 alio
1939 2619 2140 2648 retentam
2155 2621 2225 2659 ap-

1194 2654 1366 2710 pellatur
1383 2655 1435 2697 rei
1458 2656 1682 2700 vindicatio
1704 2689 1714 2709 ‚
1734 2658 1799 2701 ‘est
1813 2672 1948 2702 autern
1962 2650 2066 2704 εὲἲῗὸ
2081 2662 2121 2704 in
2137 2677 2224 2706 rem

1191 2711 1253 2754 vel
1280 2710 1456 2764 direcia,
1481 2728 1568 2768 quae
1595 2713 1710 2756 datur
1733 2715 1904 2758 domino
1938 2717 2056 2771 ipsius
2081 2718 2223 2772 fundi,

1192 2767 1254 2811 vel
1286 2767 1398 2812 utilis
1426 2784 1513 2824 quae
1542 2770 1734 2826 daturei‚
1757 2773 1825 2829 qui
1853 2773 2222 2819 fundumaDomi-

1193 2840 1245 2868 no
1278 2825 1499 2870 conduxit.

1249 2882 1459 2936 Quoniam
1520 2895 1657 2928 autem
1709 2900 1792 2928 non
1837 2886 1991 2939 semper
2038 2887 2219 2931 vindica-

1194 2953 1282 2981 mus
1325 2953 1384 2982 res
1427 2942 1688 2995 corporale33
1731 2942 1791 2986 sed
1836 2943 2053 2998 aliquando
2084 2945 2221 2988 incor-

2103 3015 2220 3054 pora-

1192 3092 2224 3110 -*m.—-——n———=h-—-
