2451 3470
182 193 323 238 eadem
344 206 505 250 quoque
526 190 608 235 sere
629 207 725 236 cum
746 191 981 236 Rhetoricis
1000 207 1223 256 argumen-

180 262 223 294 ta
249 250 476 294 trastantur
502 279 514 302 ‚
556 262 719 306 propter
755 261 899 293 eorum
929 248 1222 312 subtil-itatem,

183 308 230 351 ad
262 307 378 351 usum
417 306 734 370 utilitatemque·
762 305 931 350 civilem
959 319 1103 359 aegrius
1135 322 1218 362 per-

181 364 386 408 ducuntur
413 395 422 406 .
468 363 628 420 Quippe
666 379 736 419 qui
781 378 865 427 non
904 373 989 405 tam
1022 363 1222 426 humanos

175 437 310 466 mores
335 422 378 466 δε
403 422 639 478 quotidiana
671 431 834 475 negotia
862 450 875 472 ‚
907 434 1032 476 quam
1065 419 1218 475 sapien-

174 479 230 522 tis
256 479 384 523 vitam
409 479 453 522 δε
488 477 752 525 beatitudinis
777 477 910 520 causas
931 477 1220 533 contemplen-

174 547 241 581 tur
263 567 272 580 .
320 538 432 593 Quas
462 537 569 580 inter
599 534 733 579 causas
756 533 853 578 dum
885 535 991 598 bona
1016 536 1244 610 eiqteriorag
1293 597 1299 603 ³
1339 598 1345 605 Ι
1372 598 1378 604 ¹

172 593 352 648 corporis
375 593 550 638 includit
564 625 577 646 ,
597 592 839 657 felicitatem
854 590 1218 649 >sapientia-„quam
1267 596 1454 661 ciuilium
1609 678 1619 688 Β

171 651 298 695 Stoici
333 650 450 695 fimul
480 651 524 694 &
556 651 783 705 Epicurei,
818 660 1024 712 utcunque
1057 651 1103 693 de
1136 652 1216 694 fine
1267 654 1331 696 stri
1360 686 1373 708 ,
1420 672 1489 711 qui
1535 659 1619 713 sape

170 708 441 764 discrepantes
474 738 486 759 ‚

169 822 307 867 testate
342 820 543 876 suspendit
574 833 714 862 rerum
745 818 1009 862 fortuitarum
1028 850 1043 862 .

1246 123 1808 185 IONES'.

1272 211 1347 240 nec
1391 196 1501 241 utilis
1531 230 1544 253 ,
1594 201 1653 245 sed
1700 219 1829 262 neque
1870 209 2011 266 ignota
2036 218 2105 261 „est

2234 168 2320 221 *¹19

2134 251 2147 273 ,
2188 237 2317 281 neque

1272 268 1383 298 nova
1414 255 1490 309 iis,
1524 257 1591 313 qui
1627 260 1885 318 Theognidis
1916 270 1958 312 δε
1999 285 2180 321 veterum
2226 295 2340 325 tra-.

1269 310 1455 365 gicorum
1499 314 1757 374 aliorumque
1793 336 2004 377 poetarum
2031 332 2219 378 evolvere
2255 339 2304 382 li-

1270 370 1401 411 bros:
1445 385 1618 425 quorum
1668 379 1913 426 sententiam
1953 385 2067 428 Plato
2100 391 2307 438 'I'ral'ima-

1269 425 1347 468 cho
1377 426 1569 482 Sophistae
1600 433 1790 479 attribuit
1824 438 1866 480 iri
1902 439 1971 484 lib.
1999 444 2046 485 de
2060 446 2306 506 Republica,

1267 495 1312 525 ut
1344 497 1434 526 eam
1468 485 1635 533 inviffis
1679 493 1904 540 rationibus
1941 514 1962 543 e
1994 504 2201 549 mentibus
2237 508 2313 553 ho·

1268 539 1430 584 minum
1464 544 1700 602 exstirpa-ret
1727 580 1737 591 .
1791 554 1912 599 Unde
1945 557 2131 611 vulgares
2166 579 2302 611 rerum

1490 617 1775 662 proeceptores,
1805 610 1847 654 δε
1880 613 2106 669 impietatis
2130 621 2312 667 admini.

1481 657 1488 664 '
1628 678 1666 706 re
1712 665 1827 721 supra
1873 684 2027 716 veteres
2071 677 2298 730 opinantur

535 707 582 750 ad
625 705 744 748 solius
789 706 957 748 virtutis
992 707 1215 751 efficaciam
1266 725 1534 777 purgamenta
1560 717 1728 765 illorum
1757 754 1768 776 ,
1799 725 1842 768 δε
1876 730 2046 774 reiculas
2076 735 2307 791 antiquita-

172 765 381 819 referunt3
415 761 656 808 Aristoteles
690 761 804 816 vulgi
836 761 1056 805 assentator
1088 781 1110 806 a
1143 780 1211 820 po—
1264 781 1318 809 tis
1349 784 1593 827 opiniones,

1627 789 1695 820 tas]

1705 795 1823 834 quam
1853 800 2008 830 novum
2040 789 2204 846 aliquod
2231 796 2306 839 in-

1264 838 1462 881 ventum,
1496 828 1540 872 in
1575 834 1704 878 Mach

1711 839 1858 883 lavello
1896 859 1990 887 cum
2041 848 2214 901 publicae
2253 852 2307 897 li-

227 878 457 924 praestjterit
496 876 626 932 igitur
680 875 980 919 institutionem
1026 877 1213 933 sapientis
1263 881 1430 926 bertatis
1463 893 1779 950 communisque
1813 902 2130 974 tranquillitatis
2161 912 2298 963 perni-

162 934 260 980 vitae
291 936 482 991 suscipere
518 932 737 976 Platonicis
764 949 785 976 e
818 931 930 976 libris
959 965 972 986 ‚
1004 949 1085 990 quo
1102 935 1209 1002 supe-

164 992 322 1038 riorum
365 992 556 1037 omnium
601 1002 768 1034 aetatum
800 1021 812 1041 ,
857 1003 977 1046 atque
1021 1005 1209 1049 gentium

164 1050 472 1104 universarum,
507 1048 552 1092 δι
585 1061 770 1091 veterum
785 1048 1129 1114 Theologorurn,
1163 1068 1210 1096 ac

136 1111 140 1115 '
165 1108 386 1152 Poetarum
424 1105 616 1162 sapientia
636 1105 864 1149 confluxit:
900 1106 1206 1173 pra’sertimve-

164 1173 214 1210 τό
241 1182 291 1210 ex
331 1165 440 1210 libris
472 1164 518 1207 de
552 1162 778 1217 Republica
805 1194 816 1213 ,
850 1163 892 1206 &
925 1163 971 1206 de
1004 1166 1205 1221 Legibus,

160 1223 229 1267 ubi
253 1223 456 1268 uberiores
470 1220 732 1265 affectionum
751 1252 762 1273 ,
794 1219 838 1263 δὲ
854 1235 987 1285 rerum
1003 1222 1203 1268 humana·

161 1295 253 1325 rum
281 1279 404 1325 causae
425 1279 684 1335 panduntur,
708 1277 758 1340 ,δε
779 1293 874 1342 cum
901 1291 1095 1343 privatae,
1114 1293 1200 1326 tum

157 1338 284 1383 etiam
321 1337 495 1394 publicae
528 1334 737 1389 felicitatis
781 1349 963 1378 rationes
992 1337 1041 1380 ad
1075 1339 1199 1383 lolam

127 1392 418 1440 §.honestatem
466 1392 732 1437 retrahuntur
757 1423 767 1433 .
790 1394 839 1454 *A
882 1408 960 1448 qua
993 1392 1198 1440 honestate

134 1435 328 1496 ⁴&manare
358 1450 533 1495 ostendit
568 1449 684 1492 Plato
717 1449 984 1513 subyef'torum
1018 1451 1198 1517 simus&

155 1509 355 1564 Principis
388 1508 612 1553 utilitatem
664 1520 811 1561 pariter
841 1520 963 1563 atque
996 1511 1196 1574 tranquil-

154 1566 344 1610 litatem:
376 1581 499 1623 quam
535 1564 560 1608 fi
594 1564 839 1617 Platonem,
872 1564 951 1608 sive
984 1579 1119 1630 potius
1134 1583 1196 1612 re-

151 1623 225 1667 &ae
257 1623 428 1668 rationis
457 1619 605 1666 'vocem
627 1653 640 1675 ‚
671 1621 909 1686 audiamus,
941 1636 1195 1681 extinguun-

151 1692 219 1724 tur
250 1681 378 1735 vitia,
410 1696 498 1737 quae
528 1679 744 1731 animum,
775 1694 856 1743 quo
889 1681 1107 1748 irrepsere,
1125 1698 1191 1739 pa.

118 1766 121 1767 ν
151 1738 317 1782 voribus
362 1737 575 1793 complent
601 1768 613 1790 ,
656 1736 700 1784 δί
730 1751 864 1800 anxiis
895 1752 1003 1801 curis
1025 1771 1037 1790 ,
1059 1754 1194 1805 ‘ir-lter

150 1811 249 1851 quas
298 1796 530 1852 exagitatur
580 1793 758 1850 quisquis
790 1793 1191 1871 a11051mperioip¹se

151 1853 292 1897 abusus
323 1853 504 1909 exagitat
531 1884 541 1894 .
574 1851 699 1894 Unde
732 1863 928 1904 tyrannus
964 1853 1088 1917 longe
1120 1856 1199 1919 [joi

148 1911 312 1964 gravior
343 1900 395 1953 e'st
428 1942 441 1962 ,
487 1924 613 1966 quarn
643 1907 801 1952 civibus
827 1924 837 1950 :
876 1922 1044 1972 §cogitur
1074 1928 1189 1957 enim

150 1968 296 2012 timere
319 1967 492 2024 singulos
508 1999 520 2017 ,
551 1966 648 2009 dum
673 1976 794 2009 terret
815 1968 1051 2033 universos:
1079 1970 1185 2035 ‘hau-

147 2024 375 2081 riendisque
415 2017 645 2069 substantiis
689 2022 866 2086 aliorum
899 2054 912 2076 ,
971 2025 1188 2092 libidinem

147 2096 269 2139 auget
303 2084 411 2124 suam
434 2113 446 2135 ,
479 2081 651 2136 indeque
683 2081 730 2123 ad
763 2095 961 2145 maiorem
976 2084 1188 2147 adducitur

145 2140 362 2195 egestatem
381 2171 392 2190 ,
423 2153 511 2188 oute
543 2153 626 2180 non
660 2136 908 2201 ampliandis
937 2141 1082 2203 opibus
1109 2144 1186 2208 tol-

147 2194 247 2240 litur
269 2229 281 2250 ,
316 2196 376 2239 sed
407 2189 696 2249 cupiditatibus
726 2199 1039 2258 eittinguendis.
1072 2201 1187 2264 Hinc

145 2253 270 2310 longe
317 2252 573 2306 semetipsum
604 2250 807 2295 crudelius
834 2282 846 2304 ,
891 2269 1018 2318 quam
1040 2257 1186 2319 [οὒκ-

145 2311 230 2354 &os
264 2310 432 2367 populos
467 2309 681 2353 excruciat
701 2340 711 2351 .
744 2308 814 2352 Ab
844 2324 964 2374 unius
983 2326 1094 2357 enim
1112 2315 1184 2360 ho-

138 2367 272 2412 'minis
304 2367 431 2411 atroci
466 2366 752 2421 dominatione
774 2367 961 2432 pedibus
992 2382 1101 2424 patet
1125 2373 1178 2437 es-

145 2423 336 2482 fugium,
372 2423 568 2468 vitiorum
603 2439 700 2467 vero
735 2422 936 2489 stem-tiam-
962 2440 1087 2471 nemo
1119 2445 1180 2473 vt-

137 2482 293 2526 taverit
323 2513 336 2535 ,
381 2481 454 2524 nisi
485 2481 652 2536 effugiat
695 2481 953 2537 semetipsum
986 2514 998 2526 .
1034 2487 1180 2552 ‘Quam

142 2539 240 2583 dum
275 2538 388 2582 Plato
422 2538 692 2582 miserrimam
725 2551 997 2604 tyrannorum
1031 2559 1178 2609 imagi-

143 2611 239 2640 nem
271 2595 400 2640 oculis
427 2595 570 2639 nostris
588 2595 758 2649 objicit,
785 2595 912 2662 'fac-lie
935 2598 1178 2668 sententiam

140 2651 290 2697 evertit
319 2684 333 2706 ,
377 2667 423 2695 ac
453 2653 632 2696 rationes
664 2653 817 2697 refellit
848 2654 1018 2721 illorum
1052 2690 1064 2712 ,
1091 2675 1181 2722 ‘qur

137 2710 215 2754 suis
254 2709 462 2765 praeceptis
504 2710 833 2756 dominationem
882 2728 930 2778 in.
961 2713 1177 2762 sceleribus

132 2767 182 2811 ⁷&
212 2764 422 2812 fraudibus
448 2766 658 2809 exstruunt
689 2799 700 2820 ‚
733 2769 1012 2832 regnandique
1042 2786 1172 2819 artem

1259 938 1321 981 cic
1352 941 1634 991 admirantur.

1316 997 1429 1043 Cum
1463 1001 1524 1045 his
1554 1019 1692 1052 autem
1725 1009 1859 1057 studiis

1891 1047 1904 1069 ,
1946 1016 2251 1070 rhetoricorum
2287 1058 2300 1081 ‚

1258 1051 1409 1098 scilicet
1434 1089 1447 1109 ,
1497 1062 1727 1110 Aristotelis
1765 1101 1778 1123 ,

1832 1071 1875 1115 &
1923 1075 2058 1120 civilis
2102 1080 2298 1127 doetrinae

1256 1113 1500 1172 moralisque
1526 1119 1822 1181 Philosophiae,
1858 1131 1960 1174 recor-e
1981 1134 2290 1195 conjungentur

1254 1167 1470 1215 Ciceronis
1500 1191 1622 1228 opera
1659 1182 1705 1225 de
1738 1198 1821 1228 arte
1857 1187 2053 1247 dicendi,
2097 1210 2144 1239 ac
2197 1197 2293 1243 libri

1255 1228 1464 1282 praecipuae
1498 1233 1544 1276 de
1569 1249 1730 1283 oratore
1749 1272 1762 1295 ‚
1793 1244 1864 1298 qui
1893 1276 1904 1297 ,
1939 1260 1982 1289 ut
2012 1250 2123 1295 libris
2156 1254 2297 1300 Philo·

1253 1281 1469 1338 sophorum
1500 1294 1690 1338 acumine
1733 1311 1853 1354 atque
1898 1302 2064 1350 scientia
2097 1311 2243 1356 cedant
2277 1331 2290 1368 ς

1250 1338 1374 1397 longe
1407 1356 1545 1390 tamen
1579 1352 1763 1405 praestant
1795 1357 1865 1401 usu
1900 1375 2034 1406 rerum
2065 1368 2289 1427 peritiaque

1247 1396 1418 1443 forensi.
1453 1405 1556 1460 Quae
1585 1412 1735 1454 oratori
1765 1414 1822 1457 est
1848 1416 1946 1461 adeo
1967 1423 2208 1481 necessaria,
2232 1442 2291 1482 ut,

1247 1455 1321 1499 nii}
1350 1488 1363 1509 ,
1405 1462 1509 1513 quod
1542 1479 1563 1506 e
1597 1465 1710 1511 libris
1742 1470 1922 1517 aliorum
1955 1482 2111 1535 accepit
2140 1513 2152 1534 ‚
2189 1501 2283 1530 cum

1245 1514 1360 1557 rebus
1409 1515 1501 1572 ipsis
1545 1525 1709 1578 proprio
1766 1532 2052 1584 experimento
2079 1541 2116 1592 ‚'
2143 1541 2290 1600 suaque

1242 1571 1401 1615 afflone
1435 1575 1531 1619 vitae
1561 1582 1784 1627 contulerit
1816 1618 1828 1638 ,
1877 1592 2064 1638 oratione
2100 1596 2162 1640 sua
2197 1616 2283 1645 non

1243 1628 1461 1675 veritatem
1495 1635 1682 1693 reddere,
1717 1641 1778 1685 sed
1812 1644 1992 1693 scholam
2023 1651 2133 1698 olere
2151 1657 2288 1702 videa-

1242 1696 1309 1729 tur
1335 1718 1344 1729 .
1391 1689 1673 1746 Quamobrem
1707 1697 1739 1742 is
1768 1699 2005 1759 eloquentia
2035 1711 2281 1761 excelluerit

1241 1744 1424 1789 maxime
1450 1779 1463 1801 ,
1495 1750 1607 1802 cnjus
1640 1754 1724 1799 vita
1759 1773 1841 1802 non
1876 1761 2004 1808 solum
2039 1767 2149 1813 inter
2184 1787 2283 1827 prae-

1240 1814 1355 1855 cepta
1386 1818 1674 1866 mortuorum,
1710 1814 1769 1857 sed
1802 1817 1909 1862 inter
1941 1822 2032 1866 viva
2055 1830 2274 1886 exempla,

1239 1858 1282 1900 in
1305 1861 1440 1904 medio
1464 1878 1628 1910 morum
1645 1901 1656 1922 ‚
1688 1871 1730 1914 δζ
1755 1874 2015 1924 affeffionum
2032 1913 2044 1935 ,
2070 1894 2192 1940 atque
2211 1904 2279 1932 ca-

1241 1916 1354 1960 suum
1385 1919 1664 1970 humanorum
1698 1928 1825 1988 longo
1855 1935 1991 1980 civilis
2010 1945 2273 1990 exercitatio-

1239 1974 1301 2016 nis
1331 1977 1445 2020 cursu
1471 1981 1726 2028 traducatur.
1762 1990 1827 2032 Ad
1853 2007 1941 2048 quae
1960 1994 1987 2037 fi
2013 1995 2082 2042 lux
2107 2002 2277 2048 acceffe'-

1237 2031 1290 2073 rit
1321 2037 1513 2087 pra’teriti
1546 2044 1745 2096 temporis
1773 2077 1784 2095 ,
1826 2047 1869 2091 ὃς
1901 2056 2102 2098 memoria
2129 2073 2269 2106 rerum

1235 2087 1433 2144 gestarum
1466 2094 1586 2139 simul
1629 2114 1724 2144 curn
1762 2103 1977 2151 Poetarum
2013 2111 2062 2154 ad
2093 2115 2275 2164 nostram

1237 2145 1460 2193 utilitatem
1517 2155 1702 2199 coni-{elis
1747 2163 2048 2211 narrationibus
2080 2202 2092 2223 ,
2134 2176 2269 2219 oratio

1234 2202 1406 2249 dicentis
1443 2212 1636 2255 omnibus
1671 2217 1885 2263 verborum
1918 2223 2270 2278 &sententiarum

1235 2260 1460 2310 luminibus
1501 2270 1725 2316 abundabit
1750 2305 1761 2318 .
1805 2278 1992 2332 Ipsaemet
2032 2285 2150 2329 enim
2183 2289 2270 2334 sen-

1234 2321 1371 2364 tentiae
1401 2324 1557 2370 col-ores
1604 2329 1779 2375 offerent
1824 2336 1869 2378 ὅ(
1899 2353 2144 2387 ornamenta
2176 2363 2268 2391 ver-

1463 2383 1488 2425 fi
1521 2388 1789 2441 proprietates
1821 2407 1964 2439 eorum
1998 2399 2218 2450 calleamus
2253 2422 2269 2459 ς

1233 2449 1362 2490 neque
1393 2438 1557 2486 difficile
1583 2442 1705 2488 fuerit
1728 2447 1887 2503 optime
1911 2452 2071 2511 dicere,
2105 2458 2129 2501 si
2158 2463 2265 2508 reue

1229 2493 1413 2549 cogitare
1439 2497 1700 2547 didicerimus
1727 2535 1737 2546 .
1784 2508 1878 2552 Nec
1903 2510 2076 2557 minoris
2099 2515 2263 2564 fortasse

1229 2547 1411 2595 facienda
1439 2553 1527 2598 sunt
1563 2572 1751 2605 veterum
1792 2578 2007 2620 poetarum
2043 2576 2260 2631 carmina,

1227 2614 1351 2664 quam
1385 2610 1476 2655 libri
1513 2614 1853 2672 Philosophorum
1886 2655 1896 2666 .
1940 2627 2110 2674 Etenim
2143 2646 2260 2678 ante-

1224 2680 1349 2720 quam
1381 2668 1615 2727 Philosophi
1649 2674 1806 2720 scholas
1845 2684 2049 2735 aperirent
2079 2719 2091 2741 ,
2135 2690 2178 2733 &
2210 2692 2256 2736 in

1223 2723 1407 2777 publicas
1428 2727 1721 2781 disputationes
1744 2751 1986 2793 argumenta
2013 2759 2147 2789 rerum
2162 2748 2263 2795 edu·

1222 2794 1387 2837 cerem,
1421 2786 1617 2841 sapientia
1647 2794 1785 2836 omnis
1815 2811 1837 2837 a
1871 2797 1948 2841 suis
1970 2799 2254 2851 inventoribus

133 2824 178 2868 in
210 2825 424 2879 piraticam
455 2822 500 2866 δί
533 2824 813 2879 ρτεεάειμῑοιιῑιαι
847 2841 1039 2883 νει-ωητς
1071 2845 1117 2874 ut
1150 2850 1172 2877 a
1219 2837 1513 2890 conjiciebatur
1545 2847 1586 2888 in
1607 2846 1790 2904 fabulas,
1821 2855 2148 2915 carminibusque
2166 2875 2258 2906 tra-

133 2881 252 2926 nullo
283 2881 430 2926 melius
457 2911 469 2933 ‚
513 2896 636 2936 quam
669 2896 691 2924 a
725 2883 931 2939 Platone,
977 2889 1166 2934 Machia·
1217 2894 1407 2941 debatur.
1440 2901 1626 2948 Solutam
1658 2908 1771 2951 enim
1804 2913 2034 2958 orationem
2065 2918 2132 2961 diu
2166 2921 2250 2973 post

131 2939 262 2982 vellus
361 2953 454 2982 cum
502 2937 662 2980 suorum
707 2939 962 2985 decretorum
1008 2947 1168 2990 aemulis
1217 2952 1422 3008 sapientiae
1455 2958 1627 3004 studium
1659 2966 1891 3020 accepimus
1922 3002 1933 3022 ‚
1968 2987 2098 3029 neque
2127 2989 2250 3021 ante-

128 2970 335 3041 Hobbesio
391 2994 586 3050 Spinosa,
618 2995 661 3038 8<
684 2994 842 3041 Bodino
864 3000 1162 3053 prosternatur.
1209 3024 1334 3063 quarn
1378 3012 1611 3060 velamenta
1642 3018 1872 3068 fabularum
1907 3031 2112 3084 praeceptis
2147 3033 2249 3078 Phi-

125 3052 255 3105 Cujus
288 3027 558 3096 Maichiavelli
601 3066 720 3095 atrox
773 3054 967 3108 principis
1007 3058 1052 3101 &
1083 3059 1184 3104 irn-v
1208 3064 1400 3122 losophiae
1430 3071 1762 3121 detraherentur.
1797 3083 2078 3137 Quamobrem
2102 3103 2245 3141 praeter

124 3111 260 3155 manig
300 3108 505 3154 institutio
530 3140 543 3165 ,
588 3104 678 3154 non
718 3112 842 3155 modo
884 3128 972 3157 non
1003 3099 1450 3218 verax,¹0rpheum‚
1487 3130 1711 3189 Musaeum,
1735 3138 2240 3203 Homerum‚theolog0s-

2168 3219 2245 3259 <ine
