2451 3470
129 120 236 172 166
675 109 719 180 J.
840 103 909 153 V.

116 195 211 240 Quid
253 187 374 234 vilius
416 184 755 238 inter-,homines
785 187 992 240 reputatur
1025 203 1059 236 .-

120 245 234 295 slitiae
264 263 426 306 quoque
459 245 630 300 speciem
663 239 858 282 formavit
892 233 1011 286 longe
1025 229 1154 272 diver-

122 309 206 353 sam
248 309 298 350 ab
341 305 428 348 idea
453 335 465 357 ,
516 314 638 358 quarn
683 296 729 338 de
773 292 853 348 ipsa
885 298 1158 351 conceperant

120 365 334 411 homines.
368 365 482 407 Nam
515 373 611 402 cum
641 369 686 397 ea
719 361 880 411 putetur
909 357 1068 408 optima
1098 358 1158 394 iu-

122 425 179 469 ri's
222 419 347 468 ratio*
366 421 411 465 in
442 418 590 460 assiduo
620 421 873 455 commercio
904 402 1121 446 constituta
1146 431 1159 454 ,

123 497 210 544 quae
238 482 356 524 docet
385 475 543 520 malurn
578 485 649 525 pro
669 465 780 510 malo
800 461 983 523 redderet,
1016 472 1160 520 quarn-

124 556 201 604 que
232 536 463 593 reipublicae
495 534 594 574 bene
626 523 804 576 fundatae
821 551 844 583 ἡ,
885 515 1159 581 ac'infignio-

126 616 189 647 res
222 590 452 652 philosophi
485 586 786 644 probaverunt,
820 591 955 620 innixi
988 574 1074 627 lege
1091 587 1161 613 na-

127 672 228 706 turae
306 666 393 707 quae
435 643 639 702 propriam
683 635 958 698 defensionem
979 630 1159 695 ‚Sc-pro-

127 688 397 775 pulsationem
429 706 675 747 damnorum
706 691 944 753 hominibus
977 687 1122 730 indidit
1148 701 1157 725 t

126 758 310 819 Christus
352 763 391 806 id
441 760 570 814 ipsum
602 787 614 809 ‚
645 753 751 810 quod
785 745 1022 817 hominibus
1055 744 1161 807 sum-

126 848 196 876 ma
229 828 289 869 lex
323 821 375 864 est
406 852 417 873 ‚
460 831 537 872 qua
571 808 829 870 malumisinbi
862 804 1024 847 illatum
1058 799 1160 864 mse-

130 884 237 932 renti
282 872 501 933 rependere
542 868 714 925 propriis
758 863 910 907 Viribus
954 871 1159 914 permitti·

130 959 196 990 tui·
216 973 228 993 ‚
258 937 376 989 ejecit
399 966 410 984 ,
445 929 638 983 suasitque
663 956 674 977 ,
704 937 748 967 ut
781 931 865 963 non
885 917 1054 959 -malum
1088 929 1171 969 pro·

423 986 529 1044 quod
561 997 731 1034 ornnem
765 979 958 1021 virtutem
994 973 1123 1014 vincit
1148 1001 1160 1022 ‚

128 999 240 1046 malo
267 1027 278 1046 ’
323 992 383 1035 {ed
699 1053 741 1082 ro
783 1032 912 1078 malo.
940 1029 1125 1072 reddatur
1152 1057 1160 1068 .

129 1060 174 1102 &
222 1055 419 1106 superat,
470 1046 638 1102 bonum·
668 1056 692 1095 p
730 1100 740 1105 q·
802 1091 809 1099 ι
849 1090 854 1096 .
1107 1083 1114 1089 .

129 1118 257 1160 Nunc
305 1119 441 1151 autem
484 1097 665 1144 abduffiis
697 1091 934 1137 hominibus
963 1088 1013 1128 ab
1048 1087 1162 1135 hujus

126 1168 318 1216 doetrinae
360 1157 628 1206 meditatione
651 1184 661 1204 ,
695 1153 784 1194 sunt
814 1148 900 1190 haec
919 1143 1084 1187 excussa
1116 1141 1163 1202 de

126 1225 332 1273 mentibus
363 1251 375 1272 ,
418 1218 462 1260 δι
502 1212 732 1265 affeSliones
767 1217 918 1248 naturae
949 1201 996 1242 ad
1030 1201 1162 1241 horni-

130 1299 231 1330 num
265 1279 422 1335 ρεξὶοτει
456 1281 651 1316 revocatae
671 1299 681 1309 .

132 1415 189 1443 no
221 1397 334 1438 suum
370 1389 437 1433 fibi
469 1396 628 1429 tueatur
655 1413 671 1435 ,
702 1395 746 1422 ac
779 1376 959 1438 astion&
991 1370 1074 1412 suas
1105 1367 1165 1410 di-

130 1456 236 1512 rigat
258 1483 270 1505 ,
299 1464 381 1505 quo
409 1443 567 1502 pondus
598 1450 750 1482 naturae
780 1431 979 1493 declinat.
1015 1426 1158 1469 Postre-

134 1528 206 1557 mo
231 1541 242 1561 ,
288 1521 332 1550 ut
373 1502 520 1547 arffius
551 1495 789 1541 irretiantur
820 1490 1012 1531 homines
1036 1514 1048 1536 ,
1093 1497 1165 1544 nec

131 1566 339 1614 defie&ere
365 1570 566 1613 umquam
599 1553 772 1613 possint,
800 1545 849 1611 ad
883 1545 1013 1606 legem
1040 1539 1161 1602 Chi-1-

135 1626 181 1671 sti
225 1632 384 1665 mentes
425 1627 568 1664 eorum
619 1610 771 1670 laqueis
813 1596 1168 1665 ineitplicabilibus

135 1679 298 1728 involvi
327 1670 562 1729 ocqupando
595 1667 690 1712 illos
721 1659 1004 1724 1n÷sophist1cis
1018 1666 1166 1716 captio.

133 1739 252 1784 nibus
298 1729 637 1777 scholasticorum
685 1732 877 1765 acumine
919 1724 1123 1757 contextis
1155 1741 1168 1763 ,

133 1796 282 1853 quibus
305 1791 486 1834 humana
515 1782 623 1827 ratio
643 1779 703 1824 ita
721 1771 996 1837 pervertitur,
1030 1780 1073 1811 ut
1096 1782 1166 1821 pro

138 1842 287 1897 solidis*
314 1848 429 1891 rebus
461 1841 600 1887 inania
630 1836 750 1879 verba
784 1832 853 1875 fibi
889 1839 1064 1883 patiatur
1093 1824 1162 1886 ob-

137 1907 244 1955 trudi
269 1939 283 1949 .
314 1907 370 1948 Et
399 1899 598 1958 quoniam
628 1890 811 1938 adversus
843 1885 1000 1942 regulas
1022 1913 1038 1938 ,
1071 1895 1166 1937 quas
1197 1932 1200 1936 ι

137 1983 213 2023 ego
244 1961 418 2012 tradidi,
451 1953 694 2013 quibusque,
727 1958 938 2001 tamquam
965 1938 1166 1990 mach-inis

134 2022 365 2068 affeffiones
395 2016 586 2059 humanae
617 2008 920 2064 sustentantur,
950 1998 995 2041 ἃ
1027 2010 1162 2051 prove—

134 2082 291 2125 huntur
318 2072 585 2128 cupiditates,
616 2064 739 2121 posset
769 2061 812 2104 ἃ
842 2072 931 2121 quis
963 2066 1166 2115 opponere

135 2146 332 2194 praecepta
361 2126 516 2173 Christi
543 2157 556 2178 ,
586 2137 674 2180 quae
704 2134 799 2163 cum
832 2128 933 2159 meis
963 2123 1163 2165 captioni-

135 2197 207 2239 bus
248 2184 572 2239 commentisque
610 2178 760 2223 collata
793 2172 974 2234 fraudem
1002 2169 1162 2221 detege-

134 2263 252 2302 rent,
283 2246 366 2302 1psa
395 2258 463 2287 me
495 2233 781 2295 potentissimis
812 2243 935 2273 armis
958 2226 1061 2268 bene
1076 2238 1162 2265 mu-

135 2308 250 2357 nivi,
282 2301 405 2347 armis
424 2301 593 2354 inquam
614 2294 663 2336 iis
679 2323 693 2344 ,
722 2305 810 2347 quae
831 2286 856 2330 si
873 2299 955 2328 non
971 2282 1165 2343 frangunt

134 2366 336 2421 impeturn
362 2390 376 2411 ,
408 2356 616 2400 divertunt
646 2362 786 2392 tamen
810 2376 822 2399 ,
857 2343 884 2386 si
915 2355 997 2382 non
1030 2352 1162 2392 oppri-

132 2420 256 2467 munt
286 2416 467 2466 bostem,
498 2408 764 2465 suspendunt,
795 2403 838 2446 δι
869 2409 1064 2454 tanquam
1079 2409 1166 2436 ma-

132 2480 233 2536 gieis
265 2467 612 2518 incantationibus
643 2465 685 2507 in
709 2462 910 2522 stuporem
937 2453 1163 2514 adducunt.

132 2539 234 2591 Quae
265 2532 342 2576 sint
375 2530 457 2572 haec
476 2541 588 2568 arma
607 2520 772 2581 quaeris?
792 2516 947 2581 *seri-es,
977 2511 1020 2552 ἃ
1040 2509 1166 2569 nubes

130 2592 314 2649 quaedam
334 2583 696 2631 consusiffimarum
715 2572 1017 2638 distinfihonum
1034 2600 1050 2630 ,ι
1073 2580 1164 2620 qui-

133 2651 205 2693 bus
253 2645 415 2690 noffiem
447 2638 611 2683 offundo
644 2630 862 2694 manifestae
894 2637 1053 2689 veritati
1080 2653 1092 2673 ,
1123 2620 1167 2664 &

130 2706 395 2763 glaucomam
436 2695 657 2740 hominum
687 2688 814 2732 oculis
845 2685 996 2745 objicio
1018 2712 1030 2723 .
1060 2679 1163 2722 Sunt

131 2765 218 2807 haec
249 2755 505 2804 mirabilium
537 2750 754 2793 verborum
786 2753 993 2793 congeries
1019 2768 1030 2788 ,
1076 2750 1164 2776 mo-

132 2821 188 2865 les
218 2814 587 2862 obscuriffimorum
619 2799 911 2846 vocabulorum
936 2826 951 2848 ,
983 2791 1165 2859 barbara-

131 2892 224 2921 rum
256 2874 299 2916 &
330 2864 656 2922 constupentium
684 2871 832 2901 vocum
853 2865 1043 2902 acervus,
1074 2862 1163 2903 qui-

131 2936 206 2978 bus
235 2930 434 2977 inflantur
464 2932 647 2972 mentes,
678 2930 763 2958 non
786 2910 1021 2967 replentur,
1053 2904 1162 2968 quas3

133 2992 306 3041 santur,
349 2999 434 3029 non
474 2976 803 3023 devinciuntur.
852 2969 952 3011 Haec
1003 2973 1162 3026 veritati

132 3059 344 3102 tamquam
376 3051 538 3096 aggeres
568 3034 660 3076 sunt
696 3027 908 3084 appositae.
941 3024 1019 3066 Hae
1040 3033 1167 3063 vmeae

133 3105 250 3158 sunt,
280 3101 325 3146 &
354 3097 503 3146 balistae
530 3093 574 3138 &
603 3085 849 3143 catapultae,
880 3080 924 3126 hi
957 3075 1165 3129 cuniculi,

715 1263 893 1318 Quisque
923 1259 1036 1301 enim
1073 1253 1173 1301 satis

132 1344 169 1386 se
199 1339 344 1393 justum
371 1343 511 1388 putat,
543 1327 569 1369 si
593 1323 801 1380 quodlibet
817 1314 1175 1361 hominumdam÷i

1031 80 1739 155 GRVIN‘AE

1083 171 1152 223 Ju-
1204 173 1349 230 quibus
1396 188 1480 215 non
1513 175 1636 217 modo
1669 173 1817 230 religio
1845 204 1857 230 ,
1901 177 1961 222 sed
1992 177 2035 222 &
2067 177 2247 226 humana

1208 232 1309 274 ratio
1342 231 1505 274 tandem
1530 245 1846 287 expugnantur.
1875 233 1954 278 His
1976 250 2133 280 mentes
2148 255 2245 282 con-

1207 288 1431 331 volvuntur
1462 287 1504 330 in
1538 291 1744 332 turbinem
1771 321 1782 342 ‚
1816 305 1862 334 ac
1895 291 2013 346 longe
2031 294 2242 339 interstre-

1208 346 1314 403 pitus
1356 343 1544 388 inanium
1589 346 1954 391 controversiarum
1986 352 2145 405 agitatae
2177 354 2243 396 de-

1209 419 1323 446 mum
1358 402 1399 460 in
1432 403 1695 446 vastissimum
1723 404 2020 457 probabilitatis
2041 424 2242 452 oceanum

1207 461 1525 515 demerguntur.
1557 462 1653 503 Huc
1684 461 1797 503 enirn
1830 461 1962 505 fluunt
1986 478 2244 509 erroresorn-

1210 533 1277 560 nes
1302 549 1314 570 ,
1359 517 1455 559 hinc
1486 517 1625 560 etiam
1670 517 1846 560 refluunt
1871 550 1883 571 ,
1927 535 2073 576 perque
2107 534 2237 565 totam

1210 573 1408 616 moralem
1436 573 1664 616 dofirinam
1690 574 1998 629 diffunduntur,
2033 577 2146 628 hujus
2170 579 2245 622 hu-

1210 644 1322 674 more
1367 631 1547 673 nutritur
1587 632 1724 674 omnis
1769 631 1976 686 pravitas,
2010 634 2107 677 hinc
2138 635 2244 678 falsae

1208 689 1423 743 opiniones
1455 687 1742 731 increbescunt
1770 719 1783 740 ‚
1814 690 1957 742 quibus
1989 691 2247 735 conscientiae

1209 760 1550 799 corrumpuntur.
1586 746 1723 788 Liceat
1755 748 1973 800 magnifice
2005 747 2145 803 loqui,
2179 751 2244 792 ni-

1211 803 1266 845 hil
1301 803 1354 845 est
1387 816 1469 844 tam
1504 802 1678 855 impium
1704 834 1716 855 ‚
1751 803 1854 845 nihil
1890 817 1974 847 tam
2005 814 2150 860 turpe,
2183 806 2247 848 ni-

1210 859 1272 902 hil
1306 872 1389 903 tam
1425 859 1624 901 nefarium
1654 890 1666 911 ,
1699 861 1803 914 quod
1839 876 1908 915 pro
1941 863 2009 916 pio
2035 893 2048 915 ,
2080 879 2126 905 ac
2158 862 2246 905 san·

1208 918 1275 959 &o
1306 932 1388 959 non
1422 918 1563 971 possim
1597 917 1829 970 venditare,
1863 918 1928 960 ubi
1963 918 2138 961 semelin
2155 935 2245 963 am-

1213 975 1436 1028 plissimum
1501 972 1797 1027 probabilitatis
1847 974 1974 1017 finum
2023 976 2206 1020 defluunt
2233 1007 2242 1019 .

1212 1033 1294 1074 Hic
1327 1030 1478 1073 scilicet
1508 1045 1685 1083 oceanus
1713 1029 1869 1072 cunetis
1903 1032 2122 1084 primordia
2147 1048 2245 1087 prat-

1214 1092 1277 1130 bet
1307 1087 1531 1129 erroribus.
1563 1087 1674 1137 Jacet
1708 1087 1985 1141 Evangelium
2014 1119 2025 1141 ,
2056 1089 2245 1144 antiquos

1194 1145 1348 1187 ‘Patres
1379 1142 1489 1185 tinea
1522 1142 1713 1195 corrosit,
1749 1143 1928 1199 squalore
1957 1144 1999 1186 &
2032 1144 2104 1188 situ
2138 1158 2246 1188 vete-

1215 1216 1273 1244 res
1317 1214 1493 1243 canones
1524 1199 1567 1241 δί
1601 1199 1854 1242 summorum
1887 1202 2046 1244 decreta
2081 1199 2269 1245 pontifi-²

1213 1273 1306 1301 cum
1339 1256 1592 1299 obsidentur.
1625 1257 1815 1299 Tantum
1847 1257 2004 1301 eminet
2028 1259 2249 1313 probabili-

1214 1328 1296 1357 tas.
1330 1313 1584 1355 Pei-volitant
1615 1314 1793 1368 undique
1825 1315 1948 1357 nostri
1980 1316 2249 1358 Casuistaein-

1213 1372 1400 1427 gentibus
1442 1370 1485 1414 &
1517 1369 1635 1412 novis
1668 1370 1950 1414 voluminibus
1984 1372 2084 1424 suis,
2119 1372 2247 1415 Chri-

1215 1430 1269 1470 sto
1300 1429 1343 1470 δί
1374 1427 1579 1481 Apostolis
1609 1427 1872 1471 insultantes.
1907 1430 1968 1472 Ea
2001 1430 2160 1471 veroest
2177 1430 2249 1472 hu-

1214 1485 1272 1536 ius
1304 1485 1444 1526 nostrae
1473 1484 1664 1526 doE’trinae
1695 1484 1799 1527 ratio
1824 1516 1835 1537 ,
1882 1499 1926 1528 ut
1956 1486 2148 1541 oppositis
2181 1486 2250 1529 iti·-

1213 1542 1376 1585 neribus
1409 1542 1598 1583 homines
1629 1541 1673 1583 in
1707 1542 1867 1584 ruinam
1891 1543 2249 1586 &interitumdu·

1215 1611 1314 1643 cat:
1362 1599 1415 1641 ita
1446 1598 1558 1640 enim
1592 1614 1613 1640 a
1646 1612 1712 1640 me
1744 1599 1832 1641 sunt
1864 1599 2036 1642 instituti
2069 1599 2250 1642 doctores

1216 1655 1335 1698 nostri
1370 1687 1382 1708 ,
1431 1668 1475 1697 ut
1524 1666 1596 1697 aut
1637 1655 1762 1697 nodos
1792 1671 1936 1699 omnes
1968 1657 2116 1699 divinae
2148 1657 2249 1713 legis

1219 1713 1373 1755 solvant
1405 1743 1416 1763 ,
1464 1725 1584 1766 atque
1618 1712 1802 1755 relaxent
1833 1713 1966 1756 nimia
1995 1713 2244 1768 opinionum

1218 1771 1426 1820 libertate,
1458 1781 1526 1810 aut
1558 1769 1719 1811 animos
1748 1768 2010 1823 opprimant,
2042 1770 2084 1813 &
2116 1770 2160 1812 in
2183 1769 2249 1812 de-

1217 1826 1487 1881 sperationem
1520 1825 1717 1867 adducant
1741 1856 1754 1877 ,
1788 1838 1848 1868 tot
1881 1827 1922 1868 in
1956 1827 2070 1870 rebus
2103 1826 2248 1869 levissi-

1216 1883 1293 1926 mis
1323 1881 1596 1937 superinjeffis
1629 1881 1845 1935 scrupulis,
1877 1899 1964 1938 quae
1983 1883 2249 1926 conscientias

1217 1939 1437 1983 hominum
1456 1938 1603 1981 misere
1623 1951 1946 1995 contorqueant.
1980 1941 2090 1983 Cum
2113 1953 2247 1983 autern

1215 2011 1384 2040 venerea
1414 1996 1558 2038 delicta
1591 1995 1660 2038 sibi
1693 1995 1953 2045 adjudicanda
1975 2010 2210 2051 proponunt
2232 2029 2243 2049 ,

1215 2055 1369 2097 mirum
1412 2066 1566 2108 quanta
1609 2052 1654 2094 sit
1696 2068 1835 2096 eorum
1886 2053 1928 2095 in
1970 2054 2250 2109 confingendis

1216 2111 1344 2153 modis
1358 2140 1371 2162 ,
1402 2125 1448 2152 ac
1468 2109 1606 2161 figuris
1621 2111 1799 2152 venereis
1816 2110 2037 2163 subtilitas,
2055 2127 2245 2164 acumen,

1215 2167 1421 2212 curiofitas
1447 2199 1456 2208 .
1493 2165 1755 2219 Dispeream,
1787 2167 1829 2209 ni
1862 2167 2171 2221 elephantidos,
2203 2169 2245 2211 ἃ

1215 2223 1384 2267 Aretini
1427 2222 1621 2265 Tabellas
1671 2223 1877 2276 vincant,
1921 2225 1964 2268 δε
2007 2224 2248 2268 molliorum

1217 2294 1427 2336 poetarum
1470 2280 1513 2322 in
1563 2279 1829 2323 describendis
1878 2282 2058 2324 venereis
2105 2281 2250 2324 lusibus

1212 2337 1465 2382 evidentiam
1496 2336 1704 2391 superent.
1739 2339 1874 2391 Quam
1897 2354 1991 2381 vero
2013 2339 2146 2381 suaves
2163 2339 2250 2381 sunt

1212 2407 1332 2450 atque
1365 2393 1492 2438 festivi
1512 2425 1524 2445 ,
1554 2410 1676 2449 quam
1706 2393 1947 2449 diligentes,
1977 2395 2019 2437 3(
2053 2395 2247 2450 perspica-

1214 2467 1277 2496 ces
1320 2452 1363 2493 in
1397 2450 1585 2493 notandis
1614 2452 1658 2493 &
1686 2451 1940 2493 observandis
1964 2483 1974 2503 .,
2009 2453 2094 2494 imo
2124 2467 2246 2494 exco-

1213 2507 1392 2565 gitandis
1421 2508 1551 2563 *novis
1591 2507 1962 2550 contreRationum
1995 2509 2209 2563 generibus
2232 2541 2246 2563 ,

1214 2580 1301 2622 quae
1333 2580 1383 2608 ne
1414 2563 1696 2620 pei-ditioribus
1726 2564 1889 2619 quidem
1912 2564 2150 2608 bominibus
2171 2580 2247 2608 un-

1215 2637 1337 2679 quam
1369 2635 1437 2664 aut
1469 2620 1649 2662 lascivies
1671 2620 1877 2675 suggessit,
1908 2635 1976 2663 aut
1995 2622 2139 2677 longus
2159 2623 2247 2666 usus

1213 2678 1400 2730 ostendit,
1431 2688 1593 2719 tantum
1629 2677 1850 2719 nostrarum
1873 2693 2072 2732 acumen,
2103 2679 2248 2722 &dia-

1218 2733 1361 2778 lestica
1394 2735 1448 2792 in·
1469 2732 1719 2775 inveniendo
1752 2733 1946 2777 subtilitas
1979 2748 2135 2790 poterat
2166 2749 2250 2780 tarn

1217 2792 1346 2834 multa
1387 2790 1429 2832 ὃς
1461 2805 1567 2831 nova
1601 2789 1768 2832 luxuriae
1799 2806 1948 2846 genera
1981 2792 2070 2847 ipsis
2100 2793 2242 2848 ignota

1213 2847 1362 2892 Silenis
1403 2846 1447 2889 ὃς
1478 2847 1625 2888 Faunis
1658 2847 1699 2889 in
1728 2848 1920 2891 notitiam
1943 2848 2247 2893 hominumlo-

1214 2918 1384 2959 cernque
1417 2904 1670 2957 protrahere.
1705 2905 1824 2959 Quod
1855 2921 1954 2960 opus
1985 2905 2165 2950 multum
2188 2906 2246 2955 iu-

1219 2961 1277 3004 vit
1310 2961 1533 3004 eorundem
1582 2961 1836 3016 inprudentia
1871 2959 2079 3017 singularis
2111 2995 2120 3006 .
2151 2965 2243 3006 Nec

1215 3019 1327 3061 enim
1377 3017 1448 3060 hos
1496 3017 1615 3073 pudet
1640 3049 1652 3070 ,
1719 3034 1804 3061 rem
1853 3020 2117 3075 quantumvis
2159 3032 2244 3062 tur-

1216 3091 1308 3133 pem
1339 3106 1351 3129 ,
1400 3074 1467 3118 suo
1519 3076 1679 3132 proprio
1724 3091 1771 3120 ac
1817 3076 1999 3132 genuino
2033 3076 2242 3178 —vocasbulo

2166 3147 2242 3177 tOl·
