2451 3470
134 141 236 180 222

596 74 1755 172 ''⁵³1NST1TUT10NES

137 199 286 255 scripto
317 197 371 240 D.
403 193 498 248 Pii,
538 192 621 247 [a]
651 193 753 235 Non
787 201 925 231 tamen
956 202 986 250 a·
1007 186 1174 242 querela
1223 187 1426 242 quennio:
1461 202 1535 233 nec
1566 190 1615 234 ad
1646 191 1809 236 heredes
1840 191 2166 249 transmittitur,
2198 193 2285 238 nisi

138 258 174 302 le
209 268 361 300 itimati

139 272 286 360 cuzina
320 309 611 366 suscipiuntur,
643 306 829 361 quamvis
863 302 991 343 Patris
1023 315 1152 356 neque

138 386 239 426 ant,
270 367 421 417 Matris
453 380 590 413 tamen
623 362 803 406 accusare
832 356 1032 421 inofficiosi
1063 359 1175 401 testa-

139 443 330 474 mentum
365 424 521 483 possunt
554 439 563 469 ς
608 435 702 468 curn
734 418 784 461 ab
812 431 896 469 ejus
926 416 1176 463 Succeffione

141 503 227 532 non
261 483 530 539 repellantur.

183 542 325 593 'Unde
357 537 544 596 quamvis
576 533 786 589 legitimus
808 563 818 583 ‚
863 546 946 572 non
977 544 1074 574 vero
1105 544 1172 571 na-

140 601 282 646 turalis
331 600 444 640 Pater
475 591 681 649 querelam
725 589 830 632 hanc
861 587 1007 630 habeat
1037 586 1173 630 adver·

141 658 202 704 {us
215 656 306 701 Filii
322 654 607 703 testamen-tum
630 680 642 702 ,
674 660 811 695 tamen
828 647 990 709 Mater,
1011 643 1080 687 etsi
1095 658 1178 686 non

141 715 341 772 legitimis
371 725 418 754 ex
453 721 608 762 nuptiis
640 716 872 759 conceperit
900 734 911 755 ‚
943 716 1083 744 tamen
1112 716 1178 764 ac-

141 773 276 818 cusare
318 768 411 813 Filii
443 762 641 808 naturalis
672 762 959 806 testamentum
993 770 1140 814 poterit
1167 788 1180 810 ‚

140 846 236 876 cum
268 828 314 870 ad
344 825 425 877 ejus
455 822 749 866 Succeffionem
782 829 949 860 vocetur
975 848 985 859 .
1017 816 1095 870 [c]

168 908 179 926 t
203 883 439 930 Parentibus
481 891 621 923 autern
665 876 866 930 utriusque
899 873 1011 917 sexus
1045 871 1179 928 legiti-

142 924 222 989 mis
263 939 425 1000 querela
466 934 665 992 competit
697 965 711 987 ,
751 931 908 977 etiamsi
943 946 1026 973 non
1057 930 1182 977 exhe-

142 1001 331 1050 redentur
358 1030 370 1051 ,
415 996 477 1040 secl
511 1002 833 1048 praetereantur:
883 988 975 1044 quia
1007 1003 1054 1030 ea
1086 1002 1185 1042 prae-

143 1057 282 1103 teritio
333 1054 622 1098 testamentum
666 1063 750 1092 non
792 1046 962 1099 irritat,
1004 1044 1067 1089 sed
1110 1060 1183 1100 pro

146 1113 460 1161 exheredatione
493 1110 684 1155 habetur,

203 1170 413 1216 Fratribus
455 1182 549 1209 vero
592 1178 676 1207 tam
708 1175 899 1217 utrinque
930 1158 1186 1212 conjunstis,

143 1245 269 1287 quam
311 1228 451 1271 saltem
485 1219 816 1274 consanguineis
844 1250 857 1271 ‚
901 1233 984 1259 non
1017 1217 1186 1260 uterinis

144 1292 163 1341 (
197 1288 224 1330 l.
256 1302 325 1340 24.
357 1285 411 1328 C.
433 1283 479 1325 de
496 1280 607 1324 inoff.
622 1277 829 1322 test.&C.
848 1273 1053 1318 Theodos.
1069 1274 1187 1323 eod.)
1237 1276 1258 1318 d

143 1357 287 1389 contra
351 1341 642 1390 testamentum
699 1334 846 1377 Fratris
889 1346 979 1375 turn
1023 1331 1185 1385 querela

146 1399 343 1457 competit
369 1431 381 1452 ‚
422 1412 517 1441 curn
560 1396 601 1438 in
643 1408 692 1436 eo
723 1391 849 1448 turpis
880 1389 1046 1452 persona
1077 1388 1189 1431 insti-

157 1459 313 1503 tuitur:
349 1454 420 1499 nili
454 1453 532 1508 ipse
565 1452 673 1495 astus
706 1465 788 1492 non
826 1447 1033 1502 fitturpis.
1066 1446 1160 1497 (d)

205 1517 331 1560 Porro
370 1525 459 1555 turn
502 1508 682 1554 accusare
725 1502 925 1560 inofficiofi
974 1503 1188 1546 testamen-

148 1588 240 1618 tum
273 1571 394 1623 lieet,
425 1583 521 1612 cum
554 1566 717 1609 nullum
748 1562 858 1606 aliud
891 1560 1039 1605 vitium
1073 1560 1186 1603 inve-

147 1632 262 1674 nitur
293 1661 305 1683 ,
349 1627 454 1671 unde
497 1635 701 1674 corruat3
743 1620 808 1664 vel
850 1635 946 1662 curn
988 1617 1190 1661 inutiliter

146 1688 255 1732 aliud
289 1685 438 1729 vitium
471 1680 595 1726 fuerit
626 1675 968 1738 objectum-le]
1039 1731 1046 1739 .

204 1745 367 1788 Adeout
400 1740 425 1784 si
458 1738 522 1782 vel
557 1737 784 1780 minimum
816 1734 914 1790 quid
946 1732 1188 1775 fueritaPa-

147 1816 207 1846 tre
240 1800 428 1844 relietum
456 1828 468 1850 ,
499 1794 661 1851 querela
684 1791 953 1852 conticescat:
989 1789 1191 1844 liceatque

146 1859 253 1904 Filio
286 1855 612 1912 supplementum
647 1848 1078 1906 legitimaedebttaeque
1099 1862 1191 1900 pot·-

147 1916 273 1960 tionis
323 1925 455 1967 petere
488 1925 555 1965 per
587 1907 973 1952 condi&iouem·ex
1005 1903 1031 1947 l.
1064 1905 1188 1946 omni·

147 1975 258 2016 modo
305 1974 356 2015 C.
389 1971 435 2012 de
468 1964 579 2021 inoff.
616 1964 762 2022 testam.
795 1962 990 2019 reputatis
1020 1961 1136 2005 bonis
1169 1976 1191 2010 a

148 2033 317 2074 vivente
351 2028 465 2074 Patre
496 2023 675 2068 donatis.
841 2024 845 2026 ’

207 2085 283 2141 [f]
330 2086 388 2138 Et
428 2080 694 2138 relinquenda
740 2077 796 2121 est
839 2075 1027 2130 legitima
1060 2074 1192 2131 portio

150 2145 272 2188 titulo
303 2141 533 2190 honorifico
563 2134 857 2182 institutionis.
889 2133 974 2189 (g)
1077 2188 1084 2195 ⁸
1111 2188 1118 2195 =

208 2202 278 2244 Est
319 2213 458 2243 autem
500 2195 634 2253 portio
675 2192 810 2243 debita
835 2223 848 2244 ,
889 2205 976 2251 quae
1009 2188 1193 2252 legitima

152 2259 284 2314 vulgo
325 2256 583 2310 nuncupatur
612 2284 624 2305 ,
666 2250 731 2294 vel
776 2248 942 2301 triensz,
985 2246 1028 2309 ,si-
1057 2260 1193 2308 minus

153 2331 276 2371 quam
318 2313 498 2369 quinque
548 2310 697 2352 liberos
737 2306 926 2349 Testator
957 2303 1192 2359 reliquerit,

154 2386 305 2426 nempe
345 2383 520 2426 quatuor
563 2367 690 2411 unciae
719 2395 730 2417 ‚
777 2362 844 2406 vel
885 2361 1003 2406 semis
1045 2358 1216 2413 nempe¹

156 2431 219 2473 sex
251 2442 379 2472 unciae
411 2458 423 2479 ,
456 2425 481 2469 si
514 2422 723 2480 reliquerit
756 2420 870 2477 supra
899 2429 1097 2477 quatuor.
1129 2417 1193 2468 (h)

152 2485 295 2542 anue
338 2482 471 2540 portio
519 2497 613 2525 cum
661 2478 778 2523 omni
809 2492 932 2521 onere
962 2489 1098 2524 carere
1127 2474 1191 2536 de-

153 2546 244 2588 beat
264 2576 276 2597 ‚
309 2541 471 2591 nullutn
504 2534 877 2584 fideicommissum
899 2566 922 2596 ι,
953 2545 1022 2579 aut
1054 2530 1192 2595 condi-

153 2602 311 2647 tionem
361 2596 593 2652 impositam
626 2593 771 2647 recipit
796 2609 806 2633 t
853 2589 966 2642 rejici
996 2604 1112 2634 enirn
1142 2603 1191 2631 ex

148 2675 194 2704 ea
226 2657 411 2711 portione
444 2655 532 2706 (i)
564 2652 622 2696 ab*
646 2650 787 2693 herede
823 2648 978 2704 potest.
1131 2701 1139 2708 ι

207 2714 427 2758 Perimitur
467 2709 527 2762 jus
568 2707 820 2766 opponendae
861 2702 1032 2761 querelae
1073 2716 1193 2767 quin-

262 2947 281 2986 3
307 2949 342 2978 L.
370 2946 399 2976 8.
428 2945 454 2986 §.
482 2943 505 2980 ,G
528 2944 600 2986 quis
630 2951 679 2979 ις.
702 2938 741 2984 ff.
765 2940 804 2972 de
829 2936 917 2978 inoff.
944 2934 1013 2976 test.
1104 2957 1106 2959 .

259 2994 275 3032 )
302 2993 434 3025 Nochl.
462 2990 513 3028 89.
540 2991 569 3032 §·
597 2998 626 3019 2.
654 2988 708 3020 rix.
735 2986 771 3018 de
797 2984 928 3016 heredis.
953 2989 1018 3025 quae
1030 2979 1070 3014 ab
1085 2978 1190 3022 intest.

252 3083 272 3120 ἶ

228 3096 240 3116 ι
298 3085 335 3115 L.
366 3089 414 3118 ¹7·
439 3082 473 3110 C·
498 3079 536 3115 da
561 3074 652 3118 inoff.
691 3073 830 3113 Teflam.

231 3130 249 3159 ά
266 3128 284 3164 Ῑῑ
310 3127 345 3155 L.
379 3135 425 3156 11.
457 3125 489 3154 C.
518 3125 554 3156 de
571 3120 660 3165 inoff
679 3118 747 3158 tel}-
764 3122 783 3150 Ι.
799 3128 849 3158 45.
862 3116 901 3161 ff.
921 3117 1189 3158 solut.Maer-¹'m.

202 3186 211 3210 χ
234 3173 277 3210 e]
303 3172 337 3201 1.
368 3180 474 3203 contra
504 3172 546 3203 16.
577 3171 611 3200 C.
637 3166 672 3199 :tc
696 3162 784 3208 incff.
813 3162 934 3203 testam.

382 2898 838 2914 -——,—--—-.——
854 2894 1081 2906 ——-.—-—-
1091 2894 1189 2904 ...-
1355 2902 1366 2908 —
1931 2899 1934 2903 ⁴

393 251 686 298 excluduntur.
719 247 803 301 (b)
837 247 890 286 Et
920 259 989 305 qui
1022 244 1168 286 eCon-
1226 258 1468 300 praeparata.
1500 249 1602 302 (k)

1283 303 1408 346 Caret
1450 318 1497 347 ea
1540 305 1611 363 qui
1655 303 1828 361 agnovit
1859 304 2043 362 legatum
2071 323 2120 351 ex
2153 307 2269 351 testa-

1228 374 1402 414 ment03
1435 360 1534 405 ficut
1563 362 1606 405 &
1637 363 1707 419 qui
1740 361 2025 409 testamentum
2042 364 2247 409 accusavit
2268 397 2281 419 ‚

1229 418 1412 474 legatum
1446 418 1540 467 inde
1571 420 1713 474 capere
1746 417 1984 475 ptoff'i‘ibetur
2007 452 2017 462 .

1287 476 1418 518 Datur
1445 487 1582 519 autem
1614 473 1932 523 contra‘di'tines
1958 508 1971 530 ‚
2014 477 2086 533 §ui
2119 477 2281 522 heredes

1229 531 1318 575 sunt
1342 565 1355 585 ,
1389 533 1452 575 vel
1486 533 1528 574 in
1560 532 1642 584 ejus
1675 534 1813 577 locum
1845 534 2060 580 succedunt
2092 566 2106 591 ,
2137 548 2181 580 ut
2216 535 2283 580 Fi-

1227 589 1586 639 deicommifsarius
1616 591 1661 634 ὃ(
1694 592 1851 640 Pilcus.

1391 720 1911 780 TITULU's
2021 736 2123 797 xsv,

1269 877 1352 925 *De
1384 877 1583 923 Heredum
1615 879 1835 934 qualitate,
1867 878 1922 923 (J
1946 876 2222 934 Differentia-

1373 991 1520 1034 Eredes
1544 1002 1574 1044 ,¹
1607 1005 1675 1035 aut
1719 985 1922 1038 nedeffarii
1968 993 2059 1037 sunt
2085 1023 2098 1046 ‚
2142 991 2282 1048 quales

1401 1061 1517 1091 erant
1550 1015 1652 1107 sebui
1679 1080 1692 1102 ‚
1737 1064 1912 1105 quorum
1945 1065 2055 1093 nunc
2087 1064 2282 1105 perquam

1236 1119 1368 1149 rarum
1401 1105 1455 1148 est
1487 1105 1573 1150 usus
1604 1121 1616 1158 3
1657 1118 1725 1148 aut
1758 1106 1813 1148 sui
1845 1106 1888 1149 δι
1921 1106 2153 1160 neceffarii,
2182 1123 2284 1163 qua-

1238 1161 1290 1203 les
1325 1162 1412 1205 sunt
1447 1162 1560 1205 liberi
1595 1163 1638 1205 in
1655 1163 1874 1217 potestate,
1905 1176 2000 1219 puta
2022 1163 2147 1208 Filius
2167 1195 2179 1218 ‚
2211 1176 2283 1207 aut

1241 1220 1378 1283 Nepos
1399 1251 1410 1272 ,
1442 1219 1511 1275 qui
1546 1219 1718 1263 succedit
1750 1219 1794 1263 in
1827 1221 1965 1264 locum
1996 1220 2091 1264 Filii
2123 1220 2285 1264 descen-

1263 1290 1367 1319 entis
1400 1292 1412 1328 3
1445 1288 1513 1320 aut
1544 1277 1761 1330 extranei,
1792 1277 1863 1335 qui
1896 1277 2079 1332 pluribus
2111 1277 2288 1320 rationi-

1239 1335 1309 1396 bus
1340 1334 1531 1376 differunt
1562 1337 1612 1377 ab
1644 1334 1854 1377 heredibus
1874 1335 1965 1378 ‘suis
1991 1367 2003 1389 ,
2033 1334 2076 1378 ἃ
2111 1334 2286 1378 necessa-

1241 1407 1333 1454 riis:
1368 1391 1410 1434 δε
1453 1392 1649 1446 ptaecipue
1681 1393 1775 1448 quia
1808 1392 1922 1440 heres
1956 1392 2042 1435 suus
2073 1391 2127 1436 est
2159 1389 2287 1434 Filius

1240 1464 1280 1490 in
1327 1448 1517 1504 potestate
1549 1481 1561 1502 ,
1605 1465 1728 1505 quem
1762 1464 1886 1493 nemo
1917 1449 2042 1505 gradu
2075 1447 2290 1505 praecedit,

1238 1505 1282 1548 &
1324 1519 1485 1561 propter
1528 1507 1615 1550 virn
1647 1506 1787 1553 patriae
1818 1507 2021 1561 potestatis
2056 1537 2069 1559 ‚
2111 1506 2156 1550 &
2188 1520 2289 1549 con-

1240 1562 1494 1613 junctionem
1528 1577 1740 1620 paternam
1773 1564 1887 1608 heres
1920 1561 2208 1616 intel-ligitur3
2241 1561 2293 1605 fi-

1241 1635 1287 1664 ve
1337 1622 1542 1665 Dominus
1568 1653 1580 1673 ,
1625 1622 1750 1665 etiam
1784 1623 1950 1665 vivente
1984 1621 2101 1664 Patre
2130 1651 2142 1673 ,
2191 1634 2290 1663 cum

1242 1691 1402 1722 tantum
1435 1679 1632 1722 exercitio
1647 1693 1813 1732 careat,
1844 1679 2011 1736 ideoque
2028 1678 2114 1725 suus
2135 1691 2293 1720 nuncu-

1240 1749 1357 1792 patur
1381 1767 1393 1789 ‚
1435 1751 1560 1790 eaque
1603 1752 1681 1780 vox
1730 1751 1814 1778 non
1847 1751 1936 1779 raro
1968 1749 2121 1778 nomen
2153 1734 2205 1776 est
2244 1734 2288 1777 in

1244 1793 1318 1836 hoc
1350 1794 1524 1835 articulo
1556 1793 1663 1843 Juris
1690 1824 1702 1845 ‚
1739 1794 1798 1835 sed
1832 1807 1986 1835 nomen
2018 1790 2289 1843 adjefflvum.

1243 1852 1472 1894 Exti-ancus
1517 1865 1611 1894 vero
1656 1851 1767 1899 heres
1815 1850 1866 1893 est
1909 1849 2022 1905 qui,
2068 1862 2140 1892 aut
2171 1847 2289 1891 nullo

1243 1907 1410 1950 vinculo
1443 1908 1644 1962 potestatis
1670 1940 1681 1961 ‚
1727 1921 1797 1951 aut
1830 1906 1947 1950 nullo
1980 1921 2087 1949 nexu
2119 1906 2288 1961 Cogna-

1242 1965 1365 2007 tionis
1396 1980 1490 2008 cum
1523 1965 1731 2009 Teilatore
1766 1963 2061 2019 conjungitur.

1302 2028 1351 2064 ln
1407 2023 1587 2065 aditione
1641 2022 1742 2071 item
1803 2021 2037 2064 hereditatis
2096 2020 2285 2063 extranei

1241 2078 1432 2122 differunt
1475 2078 1700 2133 plurimum
1749 2095 1772 2122 a
1805 2076 1883 2125 fuis.
1905 2110 1917 2132 ,
1962 2092 2061 2133 quos
2091 2091 2136 2119 ut
2169 2077 2288 2120 here-

1241 2137 1413 2180 ditatem
1457 2149 1668 2191 paternam
1713 2136 1898 2190 adeant,
1944 2135 2085 2179 sufficit
2118 2134 2192 2178 effe
2223 2150 2292 2176 ca-

1245 2209 1358 2248 paces
1411 2207 1596 2248 ternpore
1649 2193 1904 2243 Testamenti
1932 2224 1945 2246 ‚
1998 2192 2041 2235 δι
2102 2203 2287 2246 tempore

1243 2251 1389 2295 mortis
1419 2251 1682 2303 Testatoris;
1734 2250 1811 2300 jam
1846 2250 1960 2294 enim
1994 2249 2068 2292 nifi
2103 2249 2138 2296 se
2170 2248 2289 2290 absti-

1244 2310 1410 2357 nuerint
1471 2309 1671 2352 beneficio
1713 2308 1900 2351 Praetoris
1926 2339 1937 2360 ‚
1983 2306 2066 2362 post
2110 2316 2290 2349 mortem

1245 2366 1372 2410 Patris
1415 2365 1835 2422 confestimsj-gfheredes
1877 2363 2102 2409 extiterunt
2135 2379 2147 2415 3
2193 2377 2289 2404 cum

1242 2424 1464 2477 extranei,
1508 2437 1553 2466 ut
1597 2423 1864 2472 hereditatem
1907 2420 2122 2476 adquirant
2171 2434 2290 2472 capa-

1243 2497 1306 2526 ces
1352 2481 1426 2525 effe
1469 2481 1641 2524 debeant
1680 2480 1808 2529 etiarn
1834 2484 2025 2532 “tempore
2055 2475 2285 2519 aditionis:

1243 2555 1322 2596 quo
1355 2551 1566 2593 tempore,
1598 2538 1624 2580 fi
1657 2537 1887 2582 Civitatem
1908 2534 2145 2585 amiserint,
2180 2531 2288 2575 nihil

1242 2600 1298 2639 eis
1330 2597 1482 2650 prodest
1515 2610 1679 2650 capaces
1711 2592 1821 2636 fuisse
1853 2605 2037 2650 tempore
2068 2591 2285 2635 testamen·

1244 2653 1303 2705 ti,
1337 2654 1379 2696 &
1411 2653 1557 2695 mortis
1576 2683 1585 2695 .
2100 2693 2103 2696 ,

1288 2712 1397 2756 ,lmo
1440 2741 1453 2764 ,
1507 2708 1535 2753 si
1586 2707 1636 2751 de
1698 2706 1957 2751 institutione
2011 2702 2286 2751 conditionali

1981 2783 1989 2788 ν
2194 2777 2289 2818 aga-

2164 2888 2291 2902 n-

1286 2935 1371 2977 (ᾖ)
1396 2936 1432 2965 L.
1459 2932 1484 2973 [ἰ
1507 2935 1634 2978 quando
1661 2943 1697 2973 35
1736 2931 1764 2971 ᾗ.
1793 2942 1822 2962 2.
1850 2930 1889 2962 (9·
1907 2932 1942 2960 C.
1967 2929 2006 2961 de
2029 2924 2119 2969 inoffi
2144 2925 2285 2960 Testam-

1288 2981 1377 3023 (ς)
1413 2981 1504 3014 Nov.
1536 2990 1605 3019 1¹5·
1631 2977 1662 3022 ᾗ.
1689 2976 1782 3012 aliud
1806 2986 1925 3020 quoque
1950 2975 2138 3017 Capitulum
2166 2973 2223 3004 tit.
2249 2979 2288 3004 ut

1243 3034 1314 3056 cum
1339 3026 1377 3058 de
1399 3027 1520 3065 appell.
1548 3036 1635 3067 cogn.

1287 3071 1376 3111 (h)
1402 3071 1482 3102 Loco
1506 3071 1590 3112 supr.
1617 3069 1674 3102 cic.

1289 3122 1296 3151 l
1318 3116 1362 3148 1'3
1390 3119 1426 3149 L.
1455 3116 1606 3157 quoniam
1630 3114 1666 3144 in
1690 3108 1850 3154 prioribus
1877 3118 1926 3146 32.
1953 3109 1988 3138 C.
2004 3106 2042 3139 dc
2055 3104 2146 3149 inoff.
2166 3102 2288 3143 tellam.

1285 3161 1365 3200 (kl
1393 3164 1432 3194 1..
1458 3164 1509 3200 33·
1541 3162 1574 3192 C.
1603 3169 1635 3191 eo
1661 3159 1692 3193 d.
1710 3159 1733 3191 t.
1748 3158 1778 3187 6·
1794 3157 1821 3196 §-
1841 3156 1904 3187 ult.
1920 3152 2079 3196 cum-seq.
2095 3154 2129 3184 C.
2149 3151 2217 3183 eoa·-
