2451 3470
519 115 908 169 LIBER
989 108 1845 166 SINGULARIS.
2215 135 2278 187 33

118 187 258 242 tione,
293 187 353 232 sed
390 187 530 242 rapina
563 189 786 244 imperium
806 189 1159 242 occuparat.Un-

117 247 164 290 de
199 247 309 289 Dion
341 248 396 298 (a
419 254 526 301 >pro
559 262 668 290 novo
701 248 812 291 illius
845 244 988 288 scelere
1017 245 1161 298 affert,

117 303 224 359 quod
269 318 546 359 cognomenta
596 303 896 358 Imperatoria,
948 313 1162 344 contemto

117 363 295 413 Senatu,
327 364 371 403 ὅ(
392 362 529 416 patriis
562 361 752 404 institutis
774 392 786 413 ,
816 371 963 404 contra
993 359 1056 409 jus
1089 358 1163 401 sas-

120 433 199 475 que
242 418 538 475 prael‘umsilset.
584 421 678 472 Quo
713 419 836 462 unice
868 416 960 460 loco
993 417 1165 472 prostra-

121 478 253 519 verim
303 491 448 520 omnes
481 477 618 531 legum
650 474 693 517 &
724 472 983 530 antiquitatis
1030 474 1162 528 impe·

120 534 220 576 ritos
241 565 253 585 ,
288 535 358 590 qui
395 534 453 584 jus
481 532 748 588 Imperatoris
789 531 951 576 creandi
983 547 1006 574 a
1036 531 1164 574 Sena-

121 603 165 634 tu
197 603 395 635 avertunt
426 592 473 634 ad
508 590 686 633 milites.

179 650 417 692 Alexander
460 649 629 689 Severus
672 647 838 698 Caesar,
885 647 1050 688 Patrum
1093 645 1162 688 de-

123 719 265 759 creto,
297 707 393 749 dum
440 702 735 758 Heliogabalus
778 703 966 755 viveret,
1011 717 1161 744 renun-

121 764 249 806 ciatus
276 793 289 815 ,
319 760 386 812 (b)
416 760 461 803 δε
493 760 573 815 post
607 759 716 801 illius
750 771 927 801 mortem
959 759 1162 802 acclama-

124 820 239 863 tione
285 818 459 860 militari
509 816 697 859 deduehis
742 816 785 858 in
828 817 1024 858 Senatum
1055 832 1073 867 ‚·
1106 815 1162 859 ibi

123 892 220 919 cum
257 874 427 929 Augusti
463 873 634 916 nomine
667 888 776 915 novo
808 872 999 927 exemplo
1018 874 1161 917 eodem

121 932 185 976 die
231 931 524 975 Pontificatum
567 932 685 973 Max.
729 930 1018 974 Tribunitiam
1051 941 1164 985 pote-

1181 202 1339 285 lsarum
1390 243 1483 285 vitae
1526 252 1834 294 intercurrunt,

1267 188 1306 227 A
1340 183 1538 239 Philippo
1569 182 1618 226 ad
1652 182 1882 226 Valerianu
1903 198 1946 226 m
1973 187 2159 238 plurimae
2181 195 2274 236 Cie-

1527 241 1535 248 “
1895 256 1983 295 quae
2028 244 2069 286 in
2102 248 2274 292 Latino-

1213 315 1304 342 rum
1320 299 1483 342 historia
1499 298 1681 354 Augusta
1701 297 1852 341 desider
1868 310 1990 340 antur
2006 329 2018 351 ,
2042 300 2084 343 δι
2109 303 2197 346 aliis
2223 322 2271 349 es<

1212 357 1507 411 scriptoribusa
1523 355 1769 397 Calaubono
1786 355 1854 410 sup
1868 353 2032 410 plentur
2046 388 2058 410 ‚
2084 360 2150 410 (k)
2170 377 2269 416 quo..

1213 429 1304 457 rum
1347 413 1550 469 aliquibus
1583 413 1650 455 vix
1680 411 1868 455 lambere
1911 413 2094 471 contigit
2126 419 2274 474 Augu-

1212 472 1310 518 stam
1346 471 1614 524 potestatem,
1649 469 1800 525 vixque
1835 470 2022 524 spatium
2056 474 2189 527 patuit
2220 478 2270 520 ad

1215 528 1382 571 Patrum
1415 528 1660 571 consensum
1691 527 1869 582 impetra
1885 527 2050 583 ndum;
2071 529 2274 587 aliquibus

1212 600 1306 628 vero
1341 585 1505 627 suorum
1522 584 1723 628 fastorum
1761 584 1970 629 omnium
1990 586 2273 634 testimonium

1209 642 1313 684 deest
1328 641 1618 694 historiarum3
1652 657 1834 697 quarum
1869 641 1939 686 lux
1962 658 2046 686 non
2078 644 2177 689 adeo
2210 659 2271 691 ta-

1212 714 1310 742 men
1332 699 1541 754 elanguit‚
1575 713 1618 741 ut
1646 714 1714 754 per
1740 715 1893 743 novem
1934 700 2105 745 circiter
2136 717 2267 748 annos

1213 756 1335 808 illos,
1379 756 1523 811 quibus
1569 755 1790 810 imperium
1824 756 2013 812 plurium
2058 760 2269 806 Caesarum

1214 814 1324 856 varia
1353 812 1515 855 fortuna
1540 813 1753 855 fluffiuavit
1775 830 1886 866 ,non
1900 816 2084 860 emineat
2109 817 2152 860 in
2176 820 2266 861 Im—

1213 883 1445 924 peratorum
1460 871 1666 913 creatione
1682 871 1851 914 Senatus
1872 873 2091 917 aufiloritas
2107 907 2118 928 ‚
2140 889 2266 931 eaque

1214 927 1294 971 sine
1311 927 1393 969 ulla
1411 928 1597 970 mistione
1617 928 1926 971 acclamationis
1943 930 2161 974 militaris:
2184 948 2264 987 qua

119 989 260 1032 statem
281 1020 292 1040 ,
325 989 368 1031 ὃς
400 987 628 1030 Consulare
662 988 884 1041 imperium
921 988 955 1030 se
988 987 1158 1042 accepis·
1213 985 1332 1028 unice
1364 984 1530 1028 Senatui
1565 985 1752 1040 potestate
1785 1002 1807 1028 a
1838 987 2001 1030 Zonara
2016 1002 2171 1032 creatus
2185 989 2265 1033 'ser-

127 1047 162 1089 se
195 1046 422 1099 gloriatur,
454 1061 582 1100 eoque
616 1046 786 1088 nomine
819 1058 983 1100 gratum
1017 1045 1052 1087 se
1073 1044 1165 1087 uni-
1185 1051 1192 1084 l
1213 1054 1278 1085 tur
1309 1043 1363 1094 (l)
1397 1044 1630 1097 Imperator
1644 1044 1837 1096 Marcus,
1869 1044 1912 1086 ὃ(
1936 1044 2104 1090 Severus
2127 1047 2263 1090 Hosti-

123 1103 235 1146 verso
277 1104 520 1147 Senatorum
553 1102 686 1144 ordini
713 1101 897 1146 futurum
923 1103 1135 1155 profitetur
1155 1134 1164 1144 .
1215 1099 1372 1152 lianus,
1404 1115 1579 1154 quorum
1600 1099 1728 1142 adhuc
1758 1102 1960 1145 memoria
1994 1103 2112 1147 solius
2127 1105 2273 1148 Zona-

181 1161 444 1204 Maximinus
475 1161 553 1210 (c)
586 1159 782 1213 parricida
804 1191 816 1212 ,
849 1159 947 1201 caeso
979 1158 1164 1202 Alexan-
1186 1140 1194 1224 l
1216 1172 1267 1199 rae
1288 1157 1483 1200 beneficio
1500 1157 1630 1199 vivit.
1663 1156 1790 1200 Gallo
1809 1159 1936 1211 item,
1963 1159 2005 1202 ὃς
2032 1161 2267 1206 Hostiliano

123 1218 222 1271 dro,
255 1218 411 1273 primus
443 1233 465 1259 a
499 1216 773 1269 militaribus,
817 1216 962 1271 absque
993 1217 1165 1260 Senatus
1190 1228 1192 1265 ζ
1217 1214 1442 1268 Perpennae
1473 1231 1494 1256 a
1513 1216 1665 1257 Senatu
1680 1214 1860 1257 delatum
1889 1214 2001 1260 fuisse
2026 1216 2266 1275 imperium,

122 1276 311 1329 decreto,
348 1274 548 1326 Augustus
578 1273 830 1328 appellatus,
873 1273 943 1316 etsi
976 1274 1164 1328 perfidio·
1186 1267 1193 1293 ’
1215 1271 1337 1314 tradit
1373 1270 1564 1314 Aurelius
1599 1271 1766 1314 Ψίθιον.
1798 1273 1907 1323 (m)

126 1333 161 1376 se
205 1348 251 1375 ac
296 1332 501 1375 violenter
537 1331 769 1384 arnpuiffet
814 1331 1070 1385 imperium3
1104 1344 1163 1373 ta-

126 1383 307 1433 men'ut
349 1389 567 1443 indignum
611 1387 793 1440 facinus,
826 1388 1069 1431 austoritate
1104 1388 1160 1432 le-

125 1447 309 1504 gitima,
355 1456 628 1500 praetexeret‚
672 1460 744 1500 per
799 1444 934 1488 literas
979 1446 1164 1489 militum

125 1504 383 1547 voluntatem
436 1502 679 1559 significavit
726 1502 935 1556 Patribus,
969 1504 1064 1554 (d)
1096 1503 1167 1559 qui

124 1574 239 1605 metu
272 1559 465 1616 perculsi,
498 1575 590 1603 eam
611 1560 956 1614 comprobarunt:
991 1561 1167 1613 (e)do-

125 1634 200 1662 nec
246 1620 289 1662 in
337 1619 570 1661 libertatem
617 1617 861 1671 redeuntes,
895 1633 940 1660 ac
975 1617 1083 1672 spem
1116 1618 1166 1661 ab

1275 1329 1392 1371 Decii
1418 1328 1516 1372 adeo
1542 1342 1816 1371 monumenta
1846 1329 2084 1385 perierunt,
2115 1346 2159 1377 ut
2194 1350 2267 1388 po·

1217 1385 1297 1429 tius
1331 1386 1457 1440 impia
1494 1385 1558 1429 sua
1590 1385 1694 1428 fa&a
1738 1402 1760 1428 a
1795 1386 1897 1429 sacra
1921 1418 1932 1439 ,
1964 1404 2087 1443 quam
2125 1392 2267 1435 civilia

1215 1459 1262 1488 ex
1315 1443 1483 1498 profana
1530 1442 1698 1486 historia
1742 1445 1989 1498 prodantur.
2028 1446 2146 1492 Unde
2179 1464 2268 1492 non

1215 1501 1399 1555 mirum,
1448 1501 1473 1544 si
1517 1515 1636 1544 tanta
1668 1500 1711 1543 in
1755 1501 1922 1554 imperii
1957 1502 2182 1560 brevitate,
2214 1522 2262 1550 ac

1216 1557 1543 1603 tumultuatione
1589 1557 1868 1613 Reipublicae,
1910 1574 1999 1614 quae
2043 1562 2120 1606 rite
2165 1580 2261 1619 pro-

1216 1617 1428 1670 cesserint,
1477 1615 1630 1659 lateant
1664 1615 1853 1669 posteris.
1893 1619 2157 1675 Quantopere
2191 1637 2261 1665 ve-

126 1676 329 1720 Africano
361 1674 544 1719 exercitu
576 1675 807 1729 capientes,
853 1676 1083 1718 immanem
1117 1659 1262 1738 il-lro
1303 1674 1341 1718 ei
1385 1674 1606 1717 tribuerint
1652 1673 1730 1716 PP.
1759 1672 2054 1730 ostenderunt,
2087 1694 2180 1721 cum
2216 1681 2261 1722 L.

128 1734 213 1777 lum
246 1733 457 1777 Thracem
490 1731 648 1794 hostem
677 1731 936 1785 judicarunt,
991 1732 1166 1787 Imperi·
1191 1739 1196 1793 1
1219 1731 1398 1775 Priscum
1431 1731 1500 1774 sub
1533 1731 1605 1775 illo
1639 1730 1904 1774 invadentem
1934 1733 2163 1789 Imperium
2187 1736 2269 1780 ho-

124 1807 196 1835 um
227 1791 277 1834 ab
308 1807 356 1834 eo
389 1791 431 1834 in
463 1790 725 1833 Gordianum
760 1790 960 1834 seniorem
1003 1790 1046 1833 ὅ(
1084 1790 1164 1832 fili·
1218 1790 1314 1832 stem
1348 1790 1702 1844 pronunciarunt3
1748 1789 1836 1840 (n)
1869 1802 1913 1832 ut
1944 1790 1983 1833 ei
2015 1791 2268 1838 nullomo-

128 1864 199 1891 um
216 1880 228 1901 ,
260 1847 342 1902 (f)
356 1848 500 1903 quibus
533 1846 607 1890 sese
629 1846 849 1890 Africanus
868 1846 1070 1891 exercitus
1087 1861 1166 1890 tra-

130 2035 216 2063 rem
255 2020 541 2064 transferentes
555 2052 566 2073 ‚
593 2035 715 2075 quem
731 2021 903 2063 Balbino
916 2021 958 2063 &
972 2021 1168 2063 Maximo

131 2078 297 2121 vivente
315 2110 327 2131 ,
349 2080 518 2121 Senatus
538 2077 743 2121 Caesarem
760 2077 1038 2132 appellaverat
1054 2109 1062 2118 .
1083 2080 1168 2134 (g)

1192 1843 1266 1933 'do
1298 1849 1468 1890 Senatus
1499 1847 1719 1890 auctoritas
1762 1845 1885 1889 decise
1919 1849 2102 1902 potuerit
2130 1883 2138 1892 .
2174 1854 2268 1896 Ne-

127 1904 658 1959 diderat3iisdemmortuis
686 1905 1168 1948 adMaximum·&Bal-
1215 1919 1293 1959 que
1338 1906 1490 1948 Decius
1544 1920 1680 1948 rerum
1736 1902 2033 1948 humanarumi

131 1964 303 2018 binum,
335 1963 509 2018 indeque
534 1962 580 2005 ad
610 1962 1165 2026 Gordianumaliumjunio-
1218 1976 1308 2004 mus
1353 1974 1413 2005 tot
1458 1961 1575 2004 bellis
1620 1961 1857 2015 implicatus
1901 1962 2126 2008 deseruisset

2072 1908 2267 1962 peritiffi-

2171 1982 2264 2021 pro-

1218 2018 1403 2072 vincias,
1451 2020 1495 2063 &
1540 2022 1721 2062 Romam
1766 2018 1841 2062 sese
1884 2021 2152 2076 contulisset,
2186 2024 2260 2066 nisi

1219 2076 1464 2120 sententiam
1508 2078 1679 2119 Senatus
1711 2076 2025 2133 impetraturus,
2072 2096 2268 2123 commo-

185 2136 426 2178 Maximino
482 2134 709 2178 sceleratior
752 2135 912 2178 sicarius
959 2135 1354 2191 Philippusitasque
1391 2133 1602 2177 'seditiones
1644 2133 1884 2176 austoritate
1930 2137 2182 2191 Reipublicae
2215 2138 2260 2182 in

129 2193 284 2245 Arabs,
317 2193 384 2248 qui
405 2192 496 2236 fidei
512 2192 586 2236 suae
600 2192 797 2235 traditum
813 2192 1168 2236 Gordianumim-
1190 2185 1196 2233 l
1219 2191 1332 2234 suum
1380 2192 1603 2247 imperium
1649 2191 1802 2246 suaeque
1834 2191 1979 2235 sobolis
2013 2195 2122 2248 spem
2157 2212 2260 2238 con-

131 2249 242 2304 perio
276 2250 391 2292 exuit
435 2250 478 2292 δι
509 2250 620 2302 vita,
653 2251 740 2301 (h)
776 2250 1021 2294 exercitibus
1051 2252 1098 2293 ad
1135 2251 1168 2294 se

129 2306 399 2355 transduffls,
431 2306 541 2350 misit
565 2305 698 2349 statim
724 2308 771 2349 ad
785 2308 981 2351 Senatum
999 2307 1135 2351 literas
1151 2341 1163 2362 ,

129 2364 276 2420 quibus
300 2377 344 2407 ut
365 2365 414 2407 ab
434 2379 482 2408 eo
509 2363 702 2406 militaris
716 2363 959 2408 acclamatio
980 2366 1167 2420 probare-

128 2435 221 2476 tur,
265 2422 526 2466 Gordianum
565 2421 711 2463 morbo
746 2422 903 2477 periisse
941 2422 1164 2466 mentieba-

131 2492 222 2533 tur,
255 2480 319 2523 cui
353 2478 568 2523 mendacio
602 2479 738 2522 Patres
786 2479 908 2523 fidem
945 2478 1168 2535 habentes,

132 2550 205 2580 aut
228 2537 376 2581 habere
401 2537 662 2589 simulantes,
695 2550 809 2580 metu
837 2536 1050 2581 atrocioris
1069 2537 1168 2581 faci·

133 2592 241 2637 noris
257 2626 269 2648 ‚
300 2594 505 2651 Augustos
522 2595 560 2639 ei
587 2594 764 2638 honores
789 2594 1084 2646 decreveruntf.
1115 2597 1170 2648 (i)

141 2727 627 2740 ————————-—·

172 2763 256 2818 (fx)
282 2761 399 2814 i'ib.7p.
415 2770 529 2815 p.9o7.
545 2764 584 2795 <5
601 2776 680 2804 909.
785 2811 791 2818 ⁸
983 2811 991 2818 ι
1063 2811 1070 2818 .

130 2807 438 2895 15022.H⁶r⁰d¹³n⁰
465 2808 558 2846 [ὡς.
583 2818 656 2851 sap.
675 2812 726 2842 18.
751 2811 830 2843 vnde
857 2810 1092 2854 Lamprid.{m
1105 2813 1169 2842 He-

175 2900 229 2938 (ι)
255 2897 434 2941 capitolin.
461 2897 497 2930 in
528 2899 705 2931 Maxirm'n.
727 2908 793 2943 cap.
811 2904 843 2934 8.
871 2900 983 2936 Aurei.
1011 2900 1099 2935 Vist.
1133 2899 1170 2933 in

128 2944 307 2976 Maxirain.

175 2990 235 3028 (d)
261 2994 378 3021 Zonar.
395 2991 507 3021 annal-r
523 2998 634 3021 torna·
653 2988 687 3019 in
703 2991 883 3024 Maximin.

174 3035 227 3073 (e)
255 3035 364 3067 Aurei.
384 3034 466 3067 Vist.
484 3036 518 3066 in
540 3035 718 3067 Maximin.

151 3079 253 3121 ,(Ῑ)
277 3080 457 3121 Capitolin-
486 3082 520 3113 in
546 3080 724 3112 Maximin.
751 3085 822 3121 cap.
843 3090 892 3120 ις,
921 3081 960 3115 <9⁴
985 3082 1020 3116 in
1045 3079 1163 3116 Gordi-

130 3132 440 3213 anfigsspssalpiiitolin.
458 3171 494 3204 in
511 3171 696 3209 εἰη-Δίκης.
718 3175 847 3211 cap.22.

1220 2249 1431 2292 sentientis
1463 2248 1780 2304 compositurus.
2256 2280 2259 2282 .

1277 2307 1551 2350 Valerianum
1602 2306 1754 2349 virtute
1797 2305 1914 2349 simul
1960 2308 2002 2351 δε
2044 2309 2264 2354 calamita-

1218 2377 1258 2408 te
1290 2365 1634 2410 memorabilem,
1679 2363 1827 2419 insigni
1863 2366 2027 2418 perfidia
2060 2367 2101 2409 in
2134 2369 2264 2421 Sapo-

1220 2422 1275 2464 ris
1321 2422 1530 2466 Persarum
1575 2421 1699 2478 Regis
1744 2422 1981 2477 potestatem
2013 2424 2261 2479 dedublum,

1219 2495 1302 2522 non
1360 2492 1446 2523 tam
1496 2478 1679 2532 milites,
1728 2495 1854 2535 quam
1899 2481 2114 2525 consensus
2146 2499 2261 2526 rnor-

1219 2537 1364 2580 talium
1418 2536 1740 2590 universorum,
1791 2538 1835 2581 ὃς
1901 2539 2093 2581 omnium
2154 2541 2262 2584 ordi-

1218 2610 1350 2647 num,
1397 2594 1442 2638 &
1473 2594 1768 2651 consequenter
1798 2598 1969 2639 Senatus
2013 2597 2266 2652 potissimum

1811 2655 1849 2696 E
1896 2670 1917 2696 2
2155 2654 2263 2712 lege·-

1223 2731 1433 2740 —-——
1916 2732 2014 2743 ‘⁸—

1262 2765 1325 2804 (b)
1350 2764 1586 2807 capitolin-in
1603 2765 1761 2797 Gordian.
1783 2775 1816 2803 3.
1841 2771 1910 2808 cap.
1929 2776 1984 2806 29.
2014 2764 2052 2798 Θ·
2069 2776 2124 2804 30.
2155 2765 2268 2800 Aures·

1221 2809 1305 2843 vist.
1328 2811 1362 2841 in
1381 2811 1529 2852 Philipp.

1264 2861 1274 2894 1
1293 2856 1331 2891 il
1358 2855 1539 2898 Capitolin.
1557 2855 1593 2887 u'n
1609 2856 1765 2888 Gordian.
1791 2863 1914 2898 cap.31·

1263 2901 1325 2940 (k)
1351 2902 1393 2932 In
1420 2901 1505 2933 notis
1531 2902 1651 2934 varior.
1681 2902 1722 2934 ad
1747 2902 1808 2943 scr.
1837 2901 1908 2943 hist.
1928 2902 2018 2944 Aug.
2043 2899 2126 2944 post.
2144 2900 2267 2935 Gordi-

2092 2953 2106 2969 Ο

1196 2971 1197 2974 ,
1220 2956 1272 2977 an.
1297 2956 1326 2984 3.

1267 2992 1310 3029 [t
1334 2989 1341 3023 l
1373 2993 1496 3023 Amul.
1515 3001 1542 3030 3.
1574 2991 1608 3022 in
1624 2991 1786 3025 Gordian.
1806 3004 1833 3032 3.

1265 3037 1331 3111 (mg
1353 3036 1523 3112 cdeiog'oaefizr.
1542 3047 1630 3069 num.
1653 3047 1667 3076 3
1682 3047 1705 3068 t.
1749 3039 1829 3070 irem
1865 3035 1973 3070 anaor
1989 3035 2121 3078 historic.
2139 3035 2275 3077 miscell·

1266 3125 1285 3164 (
1299 3091 1351 3164 ng
1378 3104 1489 3159 Aurel-
1510 3125 1594 3160 vist-
1611 3126 1647 3160 in
1684 3127 1786 3161 Decio
1807 3136 1953 3164 num-25.
