<?xml version="1.0" encoding="UTF-8"?>
<!DOCTYPE html PUBLIC "-//W3C//DTD XHTML 1.0 Transitional//EN"
    "http://www.w3.org/TR/xhtml1/DTD/xhtml1-transitional.dtd">
<html xmlns="http://www.w3.org/1999/xhtml" xml:lang="en" lang="en">
 <head>
  <title>
</title>
<meta http-equiv="Content-Type" content="text/html;charset=utf-8" />
  <meta name='ocr-system' content='tesseract 3.04.00' />
  <meta name='ocr-capabilities' content='ocr_page ocr_carea ocr_par ocr_line ocrx_word'/>
</head>
<body>
  <div class='ocr_page' id='page_1' title='image "./janivincentiigra02gravuoft_0093.png"; bbox 0 0 2451 3470; ppageno 0'>
   <div class='ocr_carea' id='block_1_1' title="bbox 693 91 1767 157">
    <p class='ocr_par' dir='ltr' id='par_1_1' title="bbox 693 91 1767 157">
     <span class='ocr_line' id='line_1_1' title="bbox 693 91 1767 157; baseline -0.001 -7"><span class='ocrx_word' id='word_1_1' title='bbox 693 91 1767 157; x_wconf 77' lang='lat' dir='ltr'>ORATtoNES&#39;.</span> 
     </span>
    </p>
   </div>
   <div class='ocr_carea' id='block_1_2' title="bbox 101 170 1201 3136">
    <p class='ocr_par' dir='ltr' id='par_1_2' title="bbox 101 170 1201 3136">
     <span class='ocr_line' id='line_1_2' title="bbox 137 170 1165 226; baseline -0.003 -8"><span class='ocrx_word' id='word_1_2' title='bbox 137 188 285 219; x_wconf 83' lang='lat' dir='ltr'>narum</span> <span class='ocrx_word' id='word_1_3' title='bbox 318 186 401 215; x_wconf 89' lang='lat' dir='ltr'>non</span> <span class='ocrx_word' id='word_1_4' title='bbox 434 171 482 214; x_wconf 86' lang='lat' dir='ltr'>ad</span> <span class='ocrx_word' id='word_1_5' title='bbox 516 170 679 214; x_wconf 88' lang='lat' dir='ltr'>inanem</span> <span class='ocrx_word' id='word_1_6' title='bbox 717 172 894 226; x_wconf 78' lang='lat' dir='ltr'>gloriam</span> <span class='ocrx_word' id='word_1_7' title='bbox 923 203 935 224; x_wconf 82' lang='lat'>,</span> <span class='ocrx_word' id='word_1_8' title='bbox 968 172 1029 215; x_wconf 89' lang='lat' dir='ltr'>sed</span> <span class='ocrx_word' id='word_1_9' title='bbox 1061 173 1108 215; x_wconf 87' lang='lat' dir='ltr'>ad</span> <span class='ocrx_word' id='word_1_10' title='bbox 1129 189 1165 216; x_wconf 88' lang='lat' dir='ltr'>u-</span> 
     </span>
     <span class='ocr_line' id='line_1_3' title="bbox 140 228 1173 285; baseline -0.002 -10"><span class='ocrx_word' id='word_1_11' title='bbox 140 233 227 275; x_wconf 87' lang='lat' dir='ltr'>sum</span> <span class='ocrx_word' id='word_1_12' title='bbox 275 229 524 280; x_wconf 65' lang='lat' dir='ltr'>Reipublicae</span> <span class='ocrx_word' id='word_1_13' title='bbox 568 228 853 272; x_wconf 72' lang='lat' dir='ltr'>vertebantur.</span> <span class='ocrx_word' id='word_1_14' title='bbox 909 231 1035 285; x_wconf 83' lang='lat' dir='ltr'>Leges</span> <span class='ocrx_word' id='word_1_15' title='bbox 1077 244 1173 273; x_wconf 84' lang='lat' dir='ltr'>vero</span> 
     </span>
     <span class='ocr_line' id='line_1_4' title="bbox 139 285 1174 339; baseline -0.003 -7"><span class='ocrx_word' id='word_1_16' title='bbox 139 287 575 339; x_wconf 66' lang='lat' dir='ltr'>Lacaedemtmioium,</span> <span class='ocrx_word' id='word_1_17' title='bbox 624 301 717 328; x_wconf 86' lang='lat' dir='ltr'>cum</span> <span class='ocrx_word' id='word_1_18' title='bbox 764 285 908 329; x_wconf 88' lang='lat' dir='ltr'>ceteris</span> <span class='ocrx_word' id='word_1_19' title='bbox 940 288 1119 329; x_wconf 83' lang='lat' dir='ltr'>Romam</span> <span class='ocrx_word' id='word_1_20' title='bbox 1153 303 1174 329; x_wconf 85' lang='lat' dir='ltr'>a</span> 
     </span>
     <span class='ocr_line' id='line_1_5' title="bbox 139 342 1167 399; baseline -0.002 -11"><span class='ocrx_word' id='word_1_21' title='bbox 139 346 280 399; x_wconf 67' lang='lat' dir='ltr'>lez-gatis</span> <span class='ocrx_word' id='word_1_22' title='bbox 330 343 558 396; x_wconf 79' lang='lat' dir='ltr'>translatae,</span> <span class='ocrx_word' id='word_1_23' title='bbox 604 356 821 386; x_wconf 84' lang='lat' dir='ltr'>manarent</span> <span class='ocrx_word' id='word_1_24' title='bbox 864 342 989 385; x_wconf 85' lang='lat' dir='ltr'>etiam</span> <span class='ocrx_word' id='word_1_25' title='bbox 1022 359 1044 385; x_wconf 90' lang='lat' dir='ltr'>a</span> <span class='ocrx_word' id='word_1_26' title='bbox 1078 344 1167 386; x_wconf 87' lang='lat' dir='ltr'>Phi-</span> 
     </span>
     <span class='ocr_line' id='line_1_6' title="bbox 141 399 1175 454; baseline -0.002 -9"><span class='ocrx_word' id='word_1_27' title='bbox 141 400 351 452; x_wconf 83' lang='lat' dir='ltr'>losophia:</span> <span class='ocrx_word' id='word_1_28' title='bbox 400 401 548 454; x_wconf 84' lang='lat' dir='ltr'>quippe</span> <span class='ocrx_word' id='word_1_29' title='bbox 593 399 683 442; x_wconf 80' lang='lat' dir='ltr'>latae</span> <span class='ocrx_word' id='word_1_30' title='bbox 715 417 736 440; x_wconf 85' lang='lat' dir='ltr'>a</span> <span class='ocrx_word' id='word_1_31' title='bbox 771 403 956 453; x_wconf 80' lang='lat' dir='ltr'>Lycurgo</span> <span class='ocrx_word' id='word_1_32' title='bbox 988 400 1175 443; x_wconf 89' lang='lat' dir='ltr'>mortali-</span> 
     </span>
     <span class='ocr_line' id='line_1_7' title="bbox 142 456 1176 513; baseline -0.002 -11"><span class='ocrx_word' id='word_1_33' title='bbox 142 474 213 502; x_wconf 80' lang='lat' dir='ltr'>um.</span> <span class='ocrx_word' id='word_1_34' title='bbox 251 458 568 512; x_wconf 72' lang='lat' dir='ltr'>sapientissimo,</span> <span class='ocrx_word' id='word_1_35' title='bbox 612 457 680 512; x_wconf 86' lang='lat' dir='ltr'>qui</span> <span class='ocrx_word' id='word_1_36' title='bbox 713 456 919 509; x_wconf 84' lang='lat' dir='ltr'><strong>Homeri,</strong></span> <span class='ocrx_word' id='word_1_37' title='bbox 953 456 1176 513; x_wconf 89' lang='lat' dir='ltr'>sapientum</span> 
     </span>
     <span class='ocr_line' id='line_1_8' title="bbox 139 513 1178 569; baseline -0.001 -11"><span class='ocrx_word' id='word_1_38' title='bbox 139 516 331 558; x_wconf 86' lang='lat' dir='ltr'>omnium</span> <span class='ocrx_word' id='word_1_39' title='bbox 379 516 582 569; x_wconf 71' lang='lat' dir='ltr'>parentis,</span> <span class='ocrx_word' id='word_1_40' title='bbox 625 527 747 568; x_wconf 91' lang='lat' dir='ltr'>atque</span> <span class='ocrx_word' id='word_1_41' title='bbox 790 513 972 569; x_wconf 81' lang='lat' dir='ltr'>magistri</span> <span class='ocrx_word' id='word_1_42' title='bbox 1024 515 1178 568; x_wconf 90' lang='lat' dir='ltr'>primus</span> 
     </span>
     <span class='ocr_line' id='line_1_9' title="bbox 140 571 1178 626; baseline 0 -12"><span class='ocrx_word' id='word_1_43' title='bbox 140 586 331 626; x_wconf 84' lang='lat' dir='ltr'>poemata</span> <span class='ocrx_word' id='word_1_44' title='bbox 375 571 592 625; x_wconf 58' lang='lat' dir='ltr'>vulgavit.</span> <span class='ocrx_word' id='word_1_45' title='bbox 639 573 762 626; x_wconf 79' lang='lat' dir='ltr'>Leges</span> <span class='ocrx_word' id='word_1_46' title='bbox 806 586 931 624; x_wconf 89' lang='lat' dir='ltr'>vero,</span> <span class='ocrx_word' id='word_1_47' title='bbox 974 585 996 613; x_wconf 91' lang='lat' dir='ltr'>e</span> <span class='ocrx_word' id='word_1_48' title='bbox 1027 571 1178 615; x_wconf 90' lang='lat' dir='ltr'>Grecia</span> 
     </span>
     <span class='ocr_line' id='line_1_10' title="bbox 137 628 1177 684; baseline 0 -13"><span class='ocrx_word' id='word_1_49' title='bbox 137 631 320 671; x_wconf 87' lang='lat' dir='ltr'>Romam</span> <span class='ocrx_word' id='word_1_50' title='bbox 344 630 505 680; x_wconf 83' lang='lat' dir='ltr'>relatae,</span> <span class='ocrx_word' id='word_1_51' title='bbox 537 642 621 669; x_wconf 89' lang='lat' dir='ltr'>non</span> <span class='ocrx_word' id='word_1_52' title='bbox 641 629 765 670; x_wconf 90' lang='lat' dir='ltr'>modo</span> <span class='ocrx_word' id='word_1_53' title='bbox 789 628 1056 671; x_wconf 83' lang='lat' dir='ltr'>Decemviros</span> <span class='ocrx_word' id='word_1_54' title='bbox 1072 661 1084 682; x_wconf 90' lang='lat'>,</span> <span class='ocrx_word' id='word_1_55' title='bbox 1109 628 1177 684; x_wconf 90' lang='lat' dir='ltr'>qui</span> 
     </span>
     <span class='ocr_line' id='line_1_11' title="bbox 138 683 1179 741; baseline 0.001 -14"><span class='ocrx_word' id='word_1_56' title='bbox 138 687 353 741; x_wconf 84' lang='lat' dir='ltr'>prudentia</span> <span class='ocrx_word' id='word_1_57' title='bbox 387 686 522 740; x_wconf 89' lang='lat' dir='ltr'>potius</span> <span class='ocrx_word' id='word_1_58' title='bbox 553 685 596 726; x_wconf 69' lang='grc' dir='ltr'>δε</span> <span class='ocrx_word' id='word_1_59' title='bbox 629 685 699 727; x_wconf 88' lang='lat' dir='ltr'>usu</span> <span class='ocrx_word' id='word_1_60' title='bbox 720 699 855 727; x_wconf 87' lang='lat' dir='ltr'>rerum</span> <span class='ocrx_word' id='word_1_61' title='bbox 883 683 1179 738; x_wconf 86' lang='lat' dir='ltr'>humanarum,</span> 
     </span>
     <span class='ocr_line' id='line_1_12' title="bbox 138 740 1174 799; baseline 0 -14"><span class='ocrx_word' id='word_1_62' title='bbox 138 759 262 799; x_wconf 86' lang='lat' dir='ltr'>quarn</span> <span class='ocrx_word' id='word_1_63' title='bbox 309 742 438 785; x_wconf 90' lang='lat' dir='ltr'>literis</span> <span class='ocrx_word' id='word_1_64' title='bbox 483 740 700 793; x_wconf 85' lang='lat' dir='ltr'>valebant,</span> <span class='ocrx_word' id='word_1_65' title='bbox 740 740 785 783; x_wconf 87' lang='lat'>&amp;</span> <span class='ocrx_word' id='word_1_66' title='bbox 815 742 1008 784; x_wconf 80' lang='lat' dir='ltr'>Graecum</span> <span class='ocrx_word' id='word_1_67' title='bbox 1040 741 1174 785; x_wconf 89' lang='lat' dir='ltr'>homi-</span> 
     </span>
     <span class='ocr_line' id='line_1_13' title="bbox 142 796 1179 853; baseline -0.001 -11"><span class='ocrx_word' id='word_1_68' title='bbox 142 815 241 842; x_wconf 92' lang='lat' dir='ltr'>nem</span> <span class='ocrx_word' id='word_1_69' title='bbox 286 799 515 841; x_wconf 87' lang='lat' dir='ltr'>habuerunt</span> <span class='ocrx_word' id='word_1_70' title='bbox 558 796 866 850; x_wconf 80' lang='lat' dir='ltr'>administrum,</span> <span class='ocrx_word' id='word_1_71' title='bbox 900 812 1076 853; x_wconf 88' lang='lat' dir='ltr'>eumque</span> <span class='ocrx_word' id='word_1_72' title='bbox 1108 798 1179 841; x_wconf 83' lang='lat' dir='ltr'>do-</span> 
     </span>
     <span class='ocr_line' id='line_1_14' title="bbox 135 852 1175 909; baseline -0.001 -10"><span class='ocrx_word' id='word_1_73' title='bbox 135 857 385 907; x_wconf 60' lang='lat' dir='ltr'>Clusinium,</span> <span class='ocrx_word' id='word_1_74' title='bbox 426 855 495 909; x_wconf 91' lang='lat' dir='ltr'>qui</span> <span class='ocrx_word' id='word_1_75' title='bbox 544 853 686 895; x_wconf 72' lang='lat' dir='ltr'>au&amp;or</span> <span class='ocrx_word' id='word_1_76' title='bbox 716 852 848 896; x_wconf 87' lang='lat' dir='ltr'>fuerat</span> <span class='ocrx_word' id='word_1_77' title='bbox 879 855 1082 897; x_wconf 88' lang='lat' dir='ltr'>Romanis</span> <span class='ocrx_word' id='word_1_78' title='bbox 1113 871 1175 898; x_wconf 89' lang='lat' dir='ltr'>ro-</span> 
     </span>
     <span class='ocr_line' id='line_1_15' title="bbox 140 910 1175 967; baseline -0.001 -12"><span class='ocrx_word' id='word_1_79' title='bbox 140 911 318 967; x_wconf 78' lang='lat' dir='ltr'>gationis</span> <span class='ocrx_word' id='word_1_80' title='bbox 352 911 490 967; x_wconf 88' lang='lat' dir='ltr'>legum</span> <span class='ocrx_word' id='word_1_81' title='bbox 523 925 545 953; x_wconf 90' lang='lat' dir='ltr'>e</span> <span class='ocrx_word' id='word_1_82' title='bbox 569 910 729 952; x_wconf 79' lang='lat' dir='ltr'>Graecia</span> <span class='ocrx_word' id='word_1_83' title='bbox 749 910 1038 965; x_wconf 84' lang='lat' dir='ltr'>petendarum.</span> <span class='ocrx_word' id='word_1_84' title='bbox 1070 915 1175 956; x_wconf 87' lang='lat' dir='ltr'>Her-</span> 
     </span>
     <span class='ocr_line' id='line_1_16' title="bbox 139 965 1176 1026; baseline 0.001 -15"><span class='ocrx_word' id='word_1_85' title='bbox 139 967 336 1012; x_wconf 82' lang='lat' dir='ltr'>modorus</span> <span class='ocrx_word' id='word_1_86' title='bbox 367 968 400 1011; x_wconf 89' lang='lat' dir='ltr'>is</span> <span class='ocrx_word' id='word_1_87' title='bbox 431 967 511 1011; x_wconf 90' lang='lat' dir='ltr'>fuit</span> <span class='ocrx_word' id='word_1_88' title='bbox 543 965 739 1026; x_wconf 84' lang='lat' dir='ltr'>Ephesius</span> <span class='ocrx_word' id='word_1_89' title='bbox 779 967 848 1022; x_wconf 92' lang='lat' dir='ltr'>qui</span> <span class='ocrx_word' id='word_1_90' title='bbox 893 979 983 1011; x_wconf 90' lang='lat' dir='ltr'>tum</span> <span class='ocrx_word' id='word_1_91' title='bbox 1016 968 1059 1012; x_wconf 91' lang='lat' dir='ltr'>in</span> <span class='ocrx_word' id='word_1_92' title='bbox 1094 971 1176 1012; x_wconf 85' lang='lat' dir='ltr'>Ita-</span> 
     </span>
     <span class='ocr_line' id='line_1_17' title="bbox 138 1023 1177 1078; baseline 0.002 -11"><span class='ocrx_word' id='word_1_93' title='bbox 138 1024 193 1068; x_wconf 86' lang='lat' dir='ltr'>lia</span> <span class='ocrx_word' id='word_1_94' title='bbox 224 1025 447 1078; x_wconf 78' lang='lat' dir='ltr'>exulabat,</span> <span class='ocrx_word' id='word_1_95' title='bbox 480 1023 640 1068; x_wconf 83' lang='lat' dir='ltr'>nullam</span> <span class='ocrx_word' id='word_1_96' title='bbox 672 1023 797 1067; x_wconf 90' lang='lat' dir='ltr'>aliam</span> <span class='ocrx_word' id='word_1_97' title='bbox 828 1024 881 1067; x_wconf 90' lang='lat' dir='ltr'>ob</span> <span class='ocrx_word' id='word_1_98' title='bbox 912 1026 1101 1078; x_wconf 85' lang='lat' dir='ltr'>causam,</span> <span class='ocrx_word' id='word_1_99' title='bbox 1133 1039 1177 1069; x_wconf 93' lang='lat' dir='ltr'>ut</span> 
     </span>
     <span class='ocr_line' id='line_1_18' title="bbox 134 1078 1176 1136; baseline 0.003 -13"><span class='ocrx_word' id='word_1_100' title='bbox 134 1081 373 1126; x_wconf 84' lang='lat' dir='ltr'>Heraclitus</span> <span class='ocrx_word' id='word_1_101' title='bbox 403 1082 507 1136; x_wconf 88' lang='lat' dir='ltr'>apud</span> <span class='ocrx_word' id='word_1_102' title='bbox 538 1078 734 1124; x_wconf 90' lang='lat' dir='ltr'>Tullium</span> <span class='ocrx_word' id='word_1_103' title='bbox 766 1080 890 1129; x_wconf 82' lang='lat' dir='ltr'>tradit</span> <span class='ocrx_word' id='word_1_104' title='bbox 909 1112 924 1135; x_wconf 92' lang='lat'>,</span> <span class='ocrx_word' id='word_1_105' title='bbox 964 1099 987 1125; x_wconf 89' lang='lat' dir='ltr'>a</span> <span class='ocrx_word' id='word_1_106' title='bbox 1018 1083 1176 1126; x_wconf 86' lang='lat' dir='ltr'>civibus</span> 
     </span>
     <span class='ocr_line' id='line_1_19' title="bbox 138 1137 1175 1194; baseline 0.001 -13"><span class='ocrx_word' id='word_1_107' title='bbox 138 1139 216 1182; x_wconf 82' lang='lat' dir='ltr'>suis</span> <span class='ocrx_word' id='word_1_108' title='bbox 247 1137 460 1194; x_wconf 86' lang='lat' dir='ltr'>expulsus,</span> <span class='ocrx_word' id='word_1_109' title='bbox 505 1137 577 1181; x_wconf 90' lang='lat' dir='ltr'>nisi</span> <span class='ocrx_word' id='word_1_110' title='bbox 610 1152 662 1190; x_wconf 84' lang='lat' dir='ltr'>ne</span> <span class='ocrx_word' id='word_1_111' title='bbox 692 1137 782 1193; x_wconf 88' lang='lat' dir='ltr'>quis</span> <span class='ocrx_word' id='word_1_112' title='bbox 814 1138 921 1182; x_wconf 88' lang='lat' dir='ltr'>inter</span> <span class='ocrx_word' id='word_1_113' title='bbox 952 1154 1021 1183; x_wconf 88' lang='lat' dir='ltr'>eos</span> <span class='ocrx_word' id='word_1_114' title='bbox 1051 1140 1175 1194; x_wconf 83' lang='lat' dir='ltr'>effer,</span> 
     </span>
     <span class='ocr_line' id='line_1_20' title="bbox 133 1194 1174 1252; baseline 0.001 -13"><span class='ocrx_word' id='word_1_115' title='bbox 133 1197 204 1252; x_wconf 88' lang='lat' dir='ltr'>qui</span> <span class='ocrx_word' id='word_1_116' title='bbox 249 1211 351 1239; x_wconf 92' lang='lat' dir='ltr'>unus</span> <span class='ocrx_word' id='word_1_117' title='bbox 393 1194 637 1239; x_wconf 80' lang='lat' dir='ltr'>excelleret.</span> <span class='ocrx_word' id='word_1_118' title='bbox 679 1195 792 1238; x_wconf 89' lang='lat' dir='ltr'>Cum</span> <span class='ocrx_word' id='word_1_119' title='bbox 837 1195 964 1249; x_wconf 82' lang='lat' dir='ltr'>igitur</span> <span class='ocrx_word' id='word_1_120' title='bbox 1009 1195 1069 1247; x_wconf 84' lang='lat' dir='ltr'>jus</span> <span class='ocrx_word' id='word_1_121' title='bbox 1102 1212 1174 1240; x_wconf 89' lang='lat' dir='ltr'>no-</span> 
     </span>
     <span class='ocr_line' id='line_1_21' title="bbox 135 1251 1176 1306; baseline 0.001 -10"><span class='ocrx_word' id='word_1_122' title='bbox 135 1254 260 1296; x_wconf 87' lang='lat' dir='ltr'>strum</span> <span class='ocrx_word' id='word_1_123' title='bbox 306 1269 328 1296; x_wconf 93' lang='lat' dir='ltr'>e</span> <span class='ocrx_word' id='word_1_124' title='bbox 371 1251 644 1306; x_wconf 70' lang='lat' dir='ltr'>Philosophiae</span> <span class='ocrx_word' id='word_1_125' title='bbox 685 1251 771 1295; x_wconf 83' lang='lat' dir='ltr'>sinu</span> <span class='ocrx_word' id='word_1_126' title='bbox 802 1252 1042 1306; x_wconf 84' lang='lat' dir='ltr'>defluxerit,</span> <span class='ocrx_word' id='word_1_127' title='bbox 1073 1252 1176 1305; x_wconf 86' lang='lat' dir='ltr'>ejus-</span> 
     </span>
     <span class='ocr_line' id='line_1_22' title="bbox 133 1308 1174 1365; baseline 0.001 -12"><span class='ocrx_word' id='word_1_128' title='bbox 133 1310 308 1365; x_wconf 87' lang='lat' dir='ltr'>demque</span> <span class='ocrx_word' id='word_1_129' title='bbox 357 1325 486 1353; x_wconf 89' lang='lat' dir='ltr'>manu</span> <span class='ocrx_word' id='word_1_130' title='bbox 517 1310 561 1352; x_wconf 89' lang='lat' dir='ltr'>in</span> <span class='ocrx_word' id='word_1_131' title='bbox 598 1311 789 1352; x_wconf 84' lang='lat' dir='ltr'>Romano</span> <span class='ocrx_word' id='word_1_132' title='bbox 821 1308 905 1352; x_wconf 91' lang='lat' dir='ltr'>solo</span> <span class='ocrx_word' id='word_1_133' title='bbox 936 1309 1138 1354; x_wconf 86' lang='lat' dir='ltr'>coaluerit</span> <span class='ocrx_word' id='word_1_134' title='bbox 1159 1343 1174 1365; x_wconf 86' lang='lat'>,</span> 
     </span>
     <span class='ocr_line' id='line_1_23' title="bbox 134 1365 1174 1423; baseline 0.001 -13"><span class='ocrx_word' id='word_1_135' title='bbox 134 1368 412 1422; x_wconf 85' lang='lat' dir='ltr'>omniumque</span> <span class='ocrx_word' id='word_1_136' title='bbox 446 1365 685 1420; x_wconf 84' lang='lat' dir='ltr'>sapientiam</span> <span class='ocrx_word' id='word_1_137' title='bbox 707 1365 786 1409; x_wconf 91' lang='lat' dir='ltr'>huc</span> <span class='ocrx_word' id='word_1_138' title='bbox 806 1367 1046 1420; x_wconf 67' lang='lat' dir='ltr'>attraxerit,</span> <span class='ocrx_word' id='word_1_139' title='bbox 1077 1368 1174 1423; x_wconf 91' lang='lat' dir='ltr'>quid</span> 
     </span>
     <span class='ocr_line' id='line_1_24' title="bbox 137 1422 1175 1474; baseline 0.002 -8"><span class='ocrx_word' id='word_1_140' title='bbox 137 1423 322 1474; x_wconf 82' lang='lat' dir='ltr'>mirum,</span> <span class='ocrx_word' id='word_1_141' title='bbox 371 1423 398 1466; x_wconf 83' lang='lat' dir='ltr'>fi</span> <span class='ocrx_word' id='word_1_142' title='bbox 439 1439 462 1464; x_wconf 93' lang='lat' dir='ltr'>a</span> <span class='ocrx_word' id='word_1_143' title='bbox 504 1422 709 1466; x_wconf 81' lang='lat' dir='ltr'>Cicerone</span> <span class='ocrx_word' id='word_1_144' title='bbox 740 1425 844 1467; x_wconf 85' lang='grc' dir='ltr'><strong>ΧΙΙ.</strong></span> <span class='ocrx_word' id='word_1_145' title='bbox 879 1423 1053 1467; x_wconf 81' lang='lat' dir='ltr'>Tabulae</span> <span class='ocrx_word' id='word_1_146' title='bbox 1081 1440 1175 1468; x_wconf 90' lang='lat' dir='ltr'>om-</span> 
     </span>
     <span class='ocr_line' id='line_1_25' title="bbox 131 1478 1173 1534; baseline 0.002 -11"><span class='ocrx_word' id='word_1_147' title='bbox 131 1480 252 1523; x_wconf 82' lang='lat' dir='ltr'>nium</span> <span class='ocrx_word' id='word_1_148' title='bbox 311 1478 675 1534; x_wconf 71' lang='lat' dir='ltr'>Philosophorum-</span> <span class='ocrx_word' id='word_1_149' title='bbox 707 1479 968 1523; x_wconf 78' lang='lat' dir='ltr'>bibliothecis</span> <span class='ocrx_word' id='word_1_150' title='bbox 1013 1481 1173 1526; x_wconf 87' lang='lat' dir='ltr'>antefe-</span> 
     </span>
     <span class='ocr_line' id='line_1_26' title="bbox 131 1536 1172 1593; baseline 0.003 -13"><span class='ocrx_word' id='word_1_151' title='bbox 131 1539 303 1580; x_wconf 84' lang='lat' dir='ltr'>rantur?</span> <span class='ocrx_word' id='word_1_152' title='bbox 337 1536 447 1592; x_wconf 87' lang='lat' dir='ltr'>Quid</span> <span class='ocrx_word' id='word_1_153' title='bbox 478 1536 592 1580; x_wconf 90' lang='lat' dir='ltr'>enim</span> <span class='ocrx_word' id='word_1_154' title='bbox 623 1537 677 1579; x_wconf 86' lang='lat' dir='ltr'>est</span> <span class='ocrx_word' id='word_1_155' title='bbox 702 1536 810 1579; x_wconf 87' lang='lat' dir='ltr'>aliud</span> <span class='ocrx_word' id='word_1_156' title='bbox 831 1536 889 1587; x_wconf 88' lang='lat' dir='ltr'>jus</span> <span class='ocrx_word' id='word_1_157' title='bbox 913 1539 1172 1593; x_wconf 85' lang='lat' dir='ltr'>Romanum,</span> 
     </span>
     <span class='ocr_line' id='line_1_27' title="bbox 130 1592 1201 1650; baseline 0.003 -14"><span class='ocrx_word' id='word_1_158' title='bbox 130 1593 207 1636; x_wconf 85' lang='lat' dir='ltr'>nisi</span> <span class='ocrx_word' id='word_1_159' title='bbox 252 1592 356 1636; x_wconf 85' lang='lat' dir='ltr'>ratio</span> <span class='ocrx_word' id='word_1_160' title='bbox 405 1593 637 1647; x_wconf 89' lang='lat' dir='ltr'>imperans,</span> <span class='ocrx_word' id='word_1_161' title='bbox 670 1594 713 1636; x_wconf 67' lang='grc' dir='ltr'>δί</span> <span class='ocrx_word' id='word_1_162' title='bbox 743 1606 903 1637; x_wconf 85' lang='lat' dir='ltr'>armata</span> <span class='ocrx_word' id='word_1_163' title='bbox 934 1594 1129 1650; x_wconf 84' lang='lat' dir='ltr'>sapientia</span> <span class='ocrx_word' id='word_1_164' title='bbox 1156 1626 1170 1649; x_wconf 96' lang='lat'>,</span> <span class='ocrx_word' id='word_1_165' title='bbox 1195 1601 1201 1647; x_wconf 71' lang='grc' dir='ltr'>ἶ</span> 
     </span>
     <span class='ocr_line' id='line_1_28' title="bbox 131 1649 1199 1706; baseline 0.003 -13"><span class='ocrx_word' id='word_1_166' title='bbox 131 1650 420 1704; x_wconf 87' lang='lat' dir='ltr'>sententiaeque</span> <span class='ocrx_word' id='word_1_167' title='bbox 453 1649 795 1704; x_wconf 85' lang='lat' dir='ltr'>Philosophorum</span> <span class='ocrx_word' id='word_1_168' title='bbox 829 1650 872 1693; x_wconf 93' lang='lat' dir='ltr'>in</span> <span class='ocrx_word' id='word_1_169' title='bbox 905 1652 1065 1706; x_wconf 91' lang='lat' dir='ltr'>publica</span> <span class='ocrx_word' id='word_1_170' title='bbox 1090 1651 1199 1704; x_wconf 82' lang='lat' dir='ltr'>jus-i</span> 
     </span>
     <span class='ocr_line' id='line_1_29' title="bbox 133 1698 1201 1759; baseline 0.002 -8"><span class='ocrx_word' id='word_1_171' title='bbox 133 1708 172 1751; x_wconf 89' lang='lat' dir='ltr'>sa</span> <span class='ocrx_word' id='word_1_172' title='bbox 203 1706 438 1750; x_wconf 83' lang='lat' dir='ltr'>conversae?</span> <span class='ocrx_word' id='word_1_173' title='bbox 483 1707 563 1750; x_wconf 90' lang='lat' dir='ltr'>His</span> <span class='ocrx_word' id='word_1_174' title='bbox 593 1719 731 1751; x_wconf 86' lang='lat' dir='ltr'>autern</span> <span class='ocrx_word' id='word_1_175' title='bbox 762 1706 876 1759; x_wconf 62' lang='lat' dir='ltr'>{auis</span> <span class='ocrx_word' id='word_1_176' title='bbox 905 1707 1041 1752; x_wconf 89' lang='lat' dir='ltr'>civilis</span> <span class='ocrx_word' id='word_1_177' title='bbox 1074 1698 1201 1759; x_wconf 69' lang='lat' dir='ltr'>Phi-l</span> 
     </span>
     <span class='ocr_line' id='line_1_30' title="bbox 133 1761 1199 1826; baseline 0.002 -18"><span class='ocrx_word' id='word_1_178' title='bbox 133 1762 328 1826; x_wconf 77' lang='lat' dir='ltr'>Iosophiae</span> <span class='ocrx_word' id='word_1_179' title='bbox 377 1763 657 1807; x_wconf 86' lang='lat' dir='ltr'>fundamentis</span> <span class='ocrx_word' id='word_1_180' title='bbox 709 1763 937 1809; x_wconf 72' lang='lat' dir='ltr'>cohaerebat</span> <span class='ocrx_word' id='word_1_181' title='bbox 979 1761 1199 1821; x_wconf 74' lang='lat' dir='ltr'>optime,&#39;³</span> 
     </span>
     <span class='ocr_line' id='line_1_31' title="bbox 127 1820 1200 1884; baseline 0.003 -20"><span class='ocrx_word' id='word_1_182' title='bbox 127 1820 328 1884; x_wconf 76' lang='lat' dir='ltr'>quidquid</span> <span class='ocrx_word' id='word_1_183' title='bbox 359 1820 474 1884; x_wconf 81' lang='lat' dir='ltr'>super</span> <span class='ocrx_word' id='word_1_184' title='bbox 505 1821 568 1864; x_wconf 86' lang='lat' dir='ltr'>his</span> <span class='ocrx_word' id='word_1_185' title='bbox 597 1821 871 1866; x_wconf 82' lang='lat' dir='ltr'>exstruebatur</span> <span class='ocrx_word' id='word_1_186' title='bbox 907 1839 931 1866; x_wconf 90' lang='lat' dir='ltr'>a</span> <span class='ocrx_word' id='word_1_187' title='bbox 961 1823 1200 1875; x_wconf 51' lang='lat' dir='ltr'>Juriscon:</span> 
     </span>
     <span class='ocr_line' id='line_1_32' title="bbox 129 1855 1199 1936; baseline 0.003 -16"><span class='ocrx_word' id='word_1_188' title='bbox 129 1877 240 1922; x_wconf 86' lang='lat' dir='ltr'>sultis</span> <span class='ocrx_word' id='word_1_189' title='bbox 274 1909 285 1927; x_wconf 84' lang='lat'>‚</span> <span class='ocrx_word' id='word_1_190' title='bbox 334 1893 404 1934; x_wconf 91' lang='lat' dir='ltr'>qui</span> <span class='ocrx_word' id='word_1_191' title='bbox 462 1878 591 1932; x_wconf 90' lang='lat' dir='ltr'>prisco</span> <span class='ocrx_word' id='word_1_192' title='bbox 633 1895 720 1922; x_wconf 86' lang='lat' dir='ltr'>aevo</span> <span class='ocrx_word' id='word_1_193' title='bbox 761 1892 881 1923; x_wconf 88' lang='lat' dir='ltr'>erant</span> <span class='ocrx_word' id='word_1_194' title='bbox 924 1855 1199 1936; x_wconf 66' lang='lat' dir='ltr'>Pontifices,l</span> 
     </span>
     <span class='ocr_line' id='line_1_33' title="bbox 133 1933 1197 1997; baseline 0.003 -19"><span class='ocrx_word' id='word_1_195' title='bbox 133 1950 309 1991; x_wconf 87' lang='lat' dir='ltr'>quorum</span> <span class='ocrx_word' id='word_1_196' title='bbox 342 1950 364 1978; x_wconf 91' lang='lat' dir='ltr'>e</span> <span class='ocrx_word' id='word_1_197' title='bbox 391 1933 574 1997; x_wconf 32' lang='lat' dir='ltr'>‘collegio</span> <span class='ocrx_word' id='word_1_198' title='bbox 594 1967 608 1988; x_wconf 92' lang='lat'>,</span> <span class='ocrx_word' id='word_1_199' title='bbox 637 1936 766 1980; x_wconf 88' lang='lat' dir='ltr'>veluti</span> <span class='ocrx_word' id='word_1_200' title='bbox 797 1953 847 1981; x_wconf 85' lang='lat' dir='ltr'>ex</span> <span class='ocrx_word' id='word_1_201' title='bbox 891 1936 1076 1993; x_wconf 87' lang='lat' dir='ltr'>tripode,</span> <span class='ocrx_word' id='word_1_202' title='bbox 1110 1938 1197 1982; x_wconf 88' lang='lat' dir='ltr'>re-&#39;</span> 
     </span>
     <span class='ocr_line' id='line_1_34' title="bbox 130 1991 1167 2048; baseline 0.005 -14"><span class='ocrx_word' id='word_1_203' title='bbox 130 1991 267 2048; x_wconf 86' lang='lat' dir='ltr'>sponsa</span> <span class='ocrx_word' id='word_1_204' title='bbox 309 1991 355 2035; x_wconf 90' lang='lat' dir='ltr'>de</span> <span class='ocrx_word' id='word_1_205' title='bbox 387 2008 472 2043; x_wconf 67' lang='lat' dir='ltr'>iure</span> <span class='ocrx_word' id='word_1_206' title='bbox 516 1992 841 2048; x_wconf 87' lang='lat' dir='ltr'>proferebantur.</span> <span class='ocrx_word' id='word_1_207' title='bbox 877 1995 956 2038; x_wconf 78' lang='lat' dir='ltr'>‘Ac</span> <span class='ocrx_word' id='word_1_208' title='bbox 1001 1994 1092 2040; x_wconf 89' lang='lat' dir='ltr'>sane</span> <span class='ocrx_word' id='word_1_209' title='bbox 1122 1996 1167 2039; x_wconf 87' lang='lat' dir='ltr'>hi</span> 
     </span>
     <span class='ocr_line' id='line_1_35' title="bbox 130 2050 1168 2113; baseline 0.004 -21"><span class='ocrx_word' id='word_1_210' title='bbox 130 2064 216 2111; x_wconf 81' lang='lat' dir='ltr'>non</span> <span class='ocrx_word' id='word_1_211' title='bbox 259 2060 344 2092; x_wconf 88' lang='lat' dir='ltr'>tam</span> <span class='ocrx_word' id='word_1_212' title='bbox 378 2052 536 2113; x_wconf 77' lang='lat' dir='ltr'>ratione</span> <span class='ocrx_word' id='word_1_213' title='bbox 567 2064 688 2106; x_wconf 87' lang='lat' dir='ltr'>atque</span> <span class='ocrx_word' id='word_1_214' title='bbox 721 2050 913 2105; x_wconf 90' lang='lat' dir='ltr'>scientia,</span> <span class='ocrx_word' id='word_1_215' title='bbox 961 2067 1087 2107; x_wconf 90' lang='lat' dir='ltr'>quam</span> <span class='ocrx_word' id='word_1_216' title='bbox 1118 2068 1168 2096; x_wconf 86' lang='lat' dir='ltr'>ae-</span> 
     </span>
     <span class='ocr_line' id='line_1_36' title="bbox 128 2107 1170 2163; baseline 0.005 -14"><span class='ocrx_word' id='word_1_217' title='bbox 128 2119 298 2163; x_wconf 85' lang='lat' dir='ltr'>quitatae</span> <span class='ocrx_word' id='word_1_218' title='bbox 351 2119 491 2150; x_wconf 89' lang='lat' dir='ltr'>nativa</span> <span class='ocrx_word' id='word_1_219' title='bbox 536 2119 658 2163; x_wconf 91' lang='lat' dir='ltr'>atque</span> <span class='ocrx_word' id='word_1_220' title='bbox 703 2107 925 2152; x_wconf 89' lang='lat' dir='ltr'>collatione</span> <span class='ocrx_word' id='word_1_221' title='bbox 967 2109 1170 2154; x_wconf 81' lang='lat' dir='ltr'>similium</span> 
     </span>
     <span class='ocr_line' id='line_1_37' title="bbox 129 2163 1170 2220; baseline 0.003 -13"><span class='ocrx_word' id='word_1_222' title='bbox 129 2163 444 2218; x_wconf 82' lang='lat' dir='ltr'>exemplorum,</span> <span class='ocrx_word' id='word_1_223' title='bbox 489 2163 599 2220; x_wconf 88' lang='lat' dir='ltr'>leges</span> <span class='ocrx_word' id='word_1_224' title='bbox 639 2163 688 2208; x_wconf 85' lang='lat' dir='ltr'>ad</span> <span class='ocrx_word' id='word_1_225' title='bbox 729 2165 886 2209; x_wconf 85' lang='lat' dir='ltr'>oblatas</span> <span class='ocrx_word' id='word_1_226' title='bbox 929 2178 1170 2211; x_wconf 87' lang='lat' dir='ltr'>controver-</span> 
     </span>
     <span class='ocr_line' id='line_1_38' title="bbox 130 2220 1165 2282; baseline 0.004 -19"><span class='ocrx_word' id='word_1_227' title='bbox 130 2220 201 2264; x_wconf 82' lang='lat' dir='ltr'>fias</span> <span class='ocrx_word' id='word_1_228' title='bbox 250 2221 555 2282; x_wconf 70' lang='lat' dir='ltr'>producebant,</span> <span class='ocrx_word' id='word_1_229' title='bbox 586 2221 693 2277; x_wconf 89' lang='lat' dir='ltr'>quod</span> <span class='ocrx_word' id='word_1_230' title='bbox 725 2221 898 2266; x_wconf 81' lang='lat' dir='ltr'>studium</span> <span class='ocrx_word' id='word_1_231' title='bbox 929 2223 1165 2279; x_wconf 83' lang='lat' dir='ltr'>appellaba-</span> 
     </span>
     <span class='ocr_line' id='line_1_39' title="bbox 131 2276 1170 2341; baseline 0.003 -21"><span class='ocrx_word' id='word_1_232' title='bbox 131 2290 209 2341; x_wconf 40' lang='lat' dir='ltr'>tur·</span> <span class='ocrx_word' id='word_1_233' title='bbox 238 2277 458 2341; x_wconf 38' lang='lat' dir='ltr'>disputat-io</span> <span class='ocrx_word' id='word_1_234' title='bbox 502 2276 625 2329; x_wconf 90' lang='lat' dir='ltr'>fori,</span> <span class='ocrx_word' id='word_1_235' title='bbox 667 2278 772 2322; x_wconf 89' lang='lat' dir='ltr'>unde</span> <span class='ocrx_word' id='word_1_236' title='bbox 818 2281 1002 2334; x_wconf 79' lang='lat' dir='ltr'>processit</span> <span class='ocrx_word' id='word_1_237' title='bbox 1032 2280 1170 2336; x_wconf 78' lang='lat' dir='ltr'>,prisca</span> 
     </span>
     <span class='ocr_line' id='line_1_40' title="bbox 127 2333 1170 2394; baseline 0.003 -16"><span class='ocrx_word' id='word_1_238' title='bbox 127 2333 447 2389; x_wconf 76' lang='lat' dir='ltr'>jurisprudentia</span> <span class='ocrx_word' id='word_1_239' title='bbox 473 2366 486 2387; x_wconf 91' lang='lat'>,</span> <span class='ocrx_word' id='word_1_240' title='bbox 535 2349 624 2389; x_wconf 84' lang='lat' dir='ltr'>quae</span> <span class='ocrx_word' id='word_1_241' title='bbox 667 2334 857 2379; x_wconf 66' lang='lat' dir='ltr'>colleffio</span> <span class='ocrx_word' id='word_1_242' title='bbox 895 2340 988 2379; x_wconf 75' lang='lat' dir='ltr'>‘erat</span> <span class='ocrx_word' id='word_1_243' title='bbox 1038 2350 1170 2394; x_wconf 85' lang='lat' dir='ltr'>atquae</span> 
     </span>
     <span class='ocr_line' id='line_1_41' title="bbox 127 2390 1170 2455; baseline 0.004 -20"><span class='ocrx_word' id='word_1_244' title='bbox 127 2391 364 2455; x_wconf 75' lang='lat' dir='ltr'>complexio</span> <span class='ocrx_word' id='word_1_245' title='bbox 421 2390 691 2446; x_wconf 83' lang='lat' dir='ltr'>peculiarium</span> <span class='ocrx_word' id='word_1_246' title='bbox 741 2392 1009 2449; x_wconf 84' lang='lat' dir='ltr'>quaestionum</span> <span class='ocrx_word' id='word_1_247' title='bbox 1050 2406 1170 2451; x_wconf 87' lang='lat' dir='ltr'>atque</span> 
     </span>
     <span class='ocr_line' id='line_1_42' title="bbox 129 2448 1169 2512; baseline 0.004 -20"><span class='ocrx_word' id='word_1_248' title='bbox 129 2449 406 2512; x_wconf 70' lang='lat' dir='ltr'>dissipatarum</span> <span class='ocrx_word' id='word_1_249' title='bbox 440 2448 690 2503; x_wconf 86' lang='lat' dir='ltr'>specierum,</span> <span class='ocrx_word' id='word_1_250' title='bbox 720 2465 818 2506; x_wconf 83' lang='lat' dir='ltr'>quas</span> <span class='ocrx_word' id='word_1_251' title='bbox 839 2450 1073 2497; x_wconf 85' lang='lat' dir='ltr'>vetustiores</span> <span class='ocrx_word' id='word_1_252' title='bbox 1099 2454 1169 2503; x_wconf 92' lang='lat' dir='ltr'>Ju-</span> 
     </span>
     <span class='ocr_line' id='line_1_43' title="bbox 132 2504 1172 2569; baseline 0.007 -22"><span class='ocrx_word' id='word_1_253' title='bbox 132 2504 358 2568; x_wconf 72' lang='lat' dir='ltr'>risconsulti</span> <span class='ocrx_word' id='word_1_254' title='bbox 382 2521 441 2569; x_wconf 32' lang='lat' dir='ltr'>‘ex</span> <span class='ocrx_word' id='word_1_255' title='bbox 474 2506 640 2550; x_wconf 89' lang='lat' dir='ltr'>obscura</span> <span class='ocrx_word' id='word_1_256' title='bbox 672 2505 812 2563; x_wconf 84' lang='lat' dir='ltr'>legum</span> <span class='ocrx_word' id='word_1_257' title='bbox 844 2507 1071 2564; x_wconf 87' lang='lat' dir='ltr'>sententia,</span> <span class='ocrx_word' id='word_1_258' title='bbox 1102 2524 1172 2564; x_wconf 87' lang='lat' dir='ltr'>per</span> 
     </span>
     <span class='ocr_line' id='line_1_44' title="bbox 101 2565 1171 2626; baseline 0.004 -19"><span class='ocrx_word' id='word_1_259' title='bbox 101 2574 520 2626; x_wconf 32' lang='lat' dir='ltr'>*interpretationem</span> <span class='ocrx_word' id='word_1_260' title='bbox 571 2575 718 2618; x_wconf 85' lang='lat' dir='ltr'>eruta,</span> <span class='ocrx_word' id='word_1_261' title='bbox 760 2565 1030 2610; x_wconf 81' lang='lat' dir='ltr'>definierant..</span> <span class='ocrx_word' id='word_1_262' title='bbox 1073 2568 1171 2622; x_wconf 80' lang='lat' dir='ltr'>Quo</span> 
     </span>
     <span class='ocr_line' id='line_1_45' title="bbox 133 2619 1169 2683; baseline 0.005 -20"><span class='ocrx_word' id='word_1_263' title='bbox 133 2633 241 2683; x_wconf 77' lang='lat' dir='ltr'>circa</span> <span class='ocrx_word' id='word_1_264' title='bbox 275 2619 489 2663; x_wconf 88' lang='lat' dir='ltr'>incondita</span> <span class='ocrx_word' id='word_1_265' title='bbox 518 2632 607 2664; x_wconf 89' lang='lat' dir='ltr'>erat</span> <span class='ocrx_word' id='word_1_266' title='bbox 637 2621 760 2667; x_wconf 90' lang='lat' dir='ltr'>initio</span> <span class='ocrx_word' id='word_1_267' title='bbox 790 2622 1110 2679; x_wconf 88' lang='lat' dir='ltr'>Jurisprudentia</span> <span class='ocrx_word' id='word_1_268' title='bbox 1128 2624 1169 2668; x_wconf 74' lang='lat'>8&lt;</span> 
     </span>
     <span class='ocr_line' id='line_1_46' title="bbox 136 2676 1172 2740; baseline 0.005 -20"><span class='ocrx_word' id='word_1_269' title='bbox 136 2676 246 2720; x_wconf 87' lang='lat' dir='ltr'>rudis</span> <span class='ocrx_word' id='word_1_270' title='bbox 273 2707 292 2738; x_wconf 39' lang='lat'>,·</span> <span class='ocrx_word' id='word_1_271' title='bbox 332 2687 377 2718; x_wconf 89' lang='lat' dir='ltr'>ut</span> <span class='ocrx_word' id='word_1_272' title='bbox 416 2676 571 2740; x_wconf 43' lang='lat' dir='ltr'>multis·</span> <span class='ocrx_word' id='word_1_273' title='bbox 609 2694 658 2722; x_wconf 87' lang='lat' dir='ltr'>ac</span> <span class='ocrx_word' id='word_1_274' title='bbox 699 2680 900 2737; x_wconf 60' lang='lat' dir='ltr'>praecipue</span> <span class='ocrx_word' id='word_1_275' title='bbox 939 2682 987 2724; x_wconf 87' lang='lat' dir='ltr'>L.</span> <span class='ocrx_word' id='word_1_276' title='bbox 1029 2682 1172 2726; x_wconf 80' lang='lat' dir='ltr'>Crasso</span> 
     </span>
     <span class='ocr_line' id='line_1_47' title="bbox 131 2733 1172 2797; baseline 0.008 -21"><span class='ocrx_word' id='word_1_277' title='bbox 131 2733 371 2797; x_wconf 71' lang='lat' dir='ltr'>desiderium</span> <span class='ocrx_word' id='word_1_278' title='bbox 402 2746 529 2777; x_wconf 78' lang='lat' dir='ltr'>cieret</span> <span class='ocrx_word' id='word_1_279' title='bbox 560 2735 657 2786; x_wconf 72' lang='lat' dir='ltr'>juris</span> <span class='ocrx_word' id='word_1_280' title='bbox 688 2736 823 2782; x_wconf 87' lang='lat' dir='ltr'>civilis</span> <span class='ocrx_word' id='word_1_281' title='bbox 865 2738 911 2781; x_wconf 90' lang='lat' dir='ltr'>in</span> <span class='ocrx_word' id='word_1_282' title='bbox 942 2750 1076 2784; x_wconf 88' lang='lat' dir='ltr'>artem</span> <span class='ocrx_word' id='word_1_283' title='bbox 1097 2745 1172 2784; x_wconf 63' lang='lat' dir='ltr'>*re-</span> 
     </span>
     <span class='ocr_line' id='line_1_48' title="bbox 132 2787 1171 2853; baseline 0.007 -19"><span class='ocrx_word' id='word_1_284' title='bbox 132 2790 334 2853; x_wconf 62' lang='lat' dir='ltr'>digendi}</span> <span class='ocrx_word' id='word_1_285' title='bbox 373 2787 505 2833; x_wconf 90' lang='lat' dir='ltr'>donec</span> <span class='ocrx_word' id='word_1_286' title='bbox 549 2805 728 2846; x_wconf 78' lang='lat' dir='ltr'>repertus</span> <span class='ocrx_word' id='word_1_287' title='bbox 768 2795 829 2839; x_wconf 74' lang='lat' dir='ltr'>,est</span> <span class='ocrx_word' id='word_1_288' title='bbox 872 2794 1171 2841; x_wconf 79' lang='lat' dir='ltr'>Ciceronisae-</span> 
     </span>
     <span class='ocr_line' id='line_1_49' title="bbox 134 2846 1173 2911; baseline 0.011 -24"><span class='ocrx_word' id='word_1_289' title='bbox 134 2863 216 2900; x_wconf 84' lang='lat' dir='ltr'>vo,</span> <span class='ocrx_word' id='word_1_290' title='bbox 264 2863 334 2904; x_wconf 87' lang='lat' dir='ltr'>qui</span> <span class='ocrx_word' id='word_1_291' title='bbox 378 2846 426 2911; x_wconf 84' lang='lat' dir='ltr'>ad</span> <span class='ocrx_word' id='word_1_292' title='bbox 472 2848 675 2910; x_wconf 78' lang='lat' dir='ltr'>moralem</span> <span class='ocrx_word' id='word_1_293' title='bbox 715 2850 1173 2911; x_wconf 42' lang='lat' dir='ltr'>‘Philosophiamsquae</span> 
     </span>
     <span class='ocr_line' id='line_1_50' title="bbox 134 2905 1171 2969; baseline 0.007 -21"><span class='ocrx_word' id='word_1_294' title='bbox 134 2905 244 2969; x_wconf 81' lang='lat' dir='ltr'>leges</span> <span class='ocrx_word' id='word_1_295' title='bbox 292 2915 471 2968; x_wconf 81' lang='lat' dir='ltr'>peperit,</span> <span class='ocrx_word' id='word_1_296' title='bbox 514 2905 753 2968; x_wconf 53' lang='lat' dir='ltr'>adjungeret</span> <span class='ocrx_word' id='word_1_297' title='bbox 795 2909 1044 2955; x_wconf 84' lang='lat' dir='ltr'>rationalem</span> <span class='ocrx_word' id='word_1_298' title='bbox 1093 2927 1171 2968; x_wconf 84' lang='lat' dir='ltr'>qua</span> 
     </span>
     <span class='ocr_line' id='line_1_51' title="bbox 133 2961 1170 3026; baseline 0.008 -22"><span class='ocrx_word' id='word_1_299' title='bbox 133 2961 456 3026; x_wconf 79' lang='lat' dir='ltr'>Jurisprudentia</span> <span class='ocrx_word' id='word_1_300' title='bbox 512 2961 703 3018; x_wconf 81' lang='lat' dir='ltr'>deinceps</span> <span class='ocrx_word' id='word_1_301' title='bbox 734 2964 978 3011; x_wconf 85' lang='lat' dir='ltr'>tribueretur</span> <span class='ocrx_word' id='word_1_302' title='bbox 1010 2969 1052 3011; x_wconf 87' lang='lat' dir='ltr'>in</span> <span class='ocrx_word' id='word_1_303' title='bbox 1102 2985 1170 3012; x_wconf 92' lang='lat' dir='ltr'>or-</span> 
     </span>
     <span class='ocr_line' id='line_1_52' title="bbox 133 3019 1172 3080; baseline 0.009 -20"><span class='ocrx_word' id='word_1_304' title='bbox 133 3020 273 3063; x_wconf 81' lang='lat' dir='ltr'>dinem</span> <span class='ocrx_word' id='word_1_305' title='bbox 302 3051 314 3068; x_wconf 80' lang='lat'>,</span> <span class='ocrx_word' id='word_1_306' title='bbox 374 3035 420 3066; x_wconf 82' lang='lat' dir='ltr'>ac</span> <span class='ocrx_word' id='word_1_307' title='bbox 471 3019 636 3063; x_wconf 87' lang='lat' dir='ltr'>tandem</span> <span class='ocrx_word' id='word_1_308' title='bbox 685 3020 730 3063; x_wconf 90' lang='lat' dir='ltr'>in</span> <span class='ocrx_word' id='word_1_309' title='bbox 785 3035 918 3066; x_wconf 88' lang='lat' dir='ltr'>artem</span> <span class='ocrx_word' id='word_1_310' title='bbox 976 3025 1172 3080; x_wconf 86' lang='lat' dir='ltr'>redigere·</span> 
     </span>
     <span class='ocr_line' id='line_1_53' title="bbox 137 3076 1173 3136; baseline 0.008 -17"><span class='ocrx_word' id='word_1_311' title='bbox 137 3089 204 3120; x_wconf 82' lang='lat' dir='ltr'>tur</span> <span class='ocrx_word' id='word_1_312' title='bbox 232 3091 245 3129; x_wconf 86' lang='lat'>·,</span> <span class='ocrx_word' id='word_1_313' title='bbox 292 3077 452 3120; x_wconf 75' lang='lat' dir='ltr'>Servius</span> <span class='ocrx_word' id='word_1_314' title='bbox 508 3078 539 3121; x_wconf 81' lang='lat' dir='ltr'>is</span> <span class='ocrx_word' id='word_1_315' title='bbox 594 3076 673 3121; x_wconf 82' lang='lat' dir='ltr'>suit</span> <span class='ocrx_word' id='word_1_316' title='bbox 731 3077 964 3136; x_wconf 73' lang='lat' dir='ltr'>Sulpicius,</span> <span class='ocrx_word' id='word_1_317' title='bbox 1027 3082 1173 3127; x_wconf 85' lang='lat' dir='ltr'>cultio-</span> 
     </span>
    </p>
   </div>
   <div class='ocr_carea' id='block_1_3' title="bbox 1217 170 2263 3086">
    <p class='ocr_par' dir='ltr' id='par_1_3' title="bbox 1224 170 2256 284">
     <span class='ocr_line' id='line_1_54' title="bbox 1224 170 2256 231; baseline -0.008 -11"><span class='ocrx_word' id='word_1_318' title='bbox 1224 177 1275 220; x_wconf 86' lang='lat' dir='ltr'>ris</span> <span class='ocrx_word' id='word_1_319' title='bbox 1309 175 1636 231; x_wconf 63' lang='lat' dir='ltr'>jurisprudentiae</span> <span class='ocrx_word' id='word_1_320' title='bbox 1660 184 1798 227; x_wconf 73' lang='lat' dir='ltr'>pate—r,</span> <span class='ocrx_word' id='word_1_321' title='bbox 1829 171 1898 226; x_wconf 87' lang='lat' dir='ltr'>qui</span> <span class='ocrx_word' id='word_1_322' title='bbox 1934 170 2201 214; x_wconf 70' lang='lat' dir='ltr'>Diaiefficam</span> <span class='ocrx_word' id='word_1_323' title='bbox 2233 184 2256 213; x_wconf 91' lang='lat' dir='ltr'>e</span> 
     </span>
     <span class='ocr_line' id='line_1_55' title="bbox 1224 226 2254 284; baseline -0.011 -6"><span class='ocrx_word' id='word_1_324' title='bbox 1224 235 1382 279; x_wconf 84' lang='lat' dir='ltr'>Graecia</span> <span class='ocrx_word' id='word_1_325' title='bbox 1398 233 1439 276; x_wconf 86' lang='lat' dir='ltr'>in</span> <span class='ocrx_word' id='word_1_326' title='bbox 1455 231 1636 284; x_wconf 87' lang='lat' dir='ltr'>Juriscon</span> <span class='ocrx_word' id='word_1_327' title='bbox 1645 229 1840 273; x_wconf 81' lang='lat' dir='ltr'>sultorum</span> <span class='ocrx_word' id='word_1_328' title='bbox 1858 226 2012 270; x_wconf 91' lang='lat' dir='ltr'>scholas</span> <span class='ocrx_word' id='word_1_329' title='bbox 2026 226 2254 271; x_wconf 85' lang='lat' dir='ltr'>advocavit.</span> 
     </span>
    </p>

    <p class='ocr_par' dir='ltr' id='par_1_4' title="bbox 1217 282 2263 2683">
     <span class='ocr_line' id='line_1_56' title="bbox 1282 282 2261 340; baseline -0.007 -6"><span class='ocrx_word' id='word_1_330' title='bbox 1282 293 1345 335; x_wconf 86' lang='lat' dir='ltr'>Ea</span> <span class='ocrx_word' id='word_1_331' title='bbox 1391 290 1529 333; x_wconf 90' lang='lat' dir='ltr'>docuit</span> <span class='ocrx_word' id='word_1_332' title='bbox 1575 304 1626 332; x_wconf 81' lang='lat' dir='ltr'>ex</span> <span class='ocrx_word' id='word_1_333' title='bbox 1676 285 1857 340; x_wconf 86' lang='lat' dir='ltr'>pluribus</span> <span class='ocrx_word' id='word_1_334' title='bbox 1899 282 2095 326; x_wconf 88' lang='lat' dir='ltr'>similibus</span> <span class='ocrx_word' id='word_1_335' title='bbox 2138 283 2181 326; x_wconf 90' lang='lat' dir='ltr'>in</span> <span class='ocrx_word' id='word_1_336' title='bbox 2214 297 2261 327; x_wconf 73' lang='grc' dir='ltr'>ιι·</span> 
     </span>
     <span class='ocr_line' id='line_1_57' title="bbox 1226 339 2263 395; baseline -0.01 -3"><span class='ocrx_word' id='word_1_337' title='bbox 1226 364 1327 392; x_wconf 90' lang='lat' dir='ltr'>num</span> <span class='ocrx_word' id='word_1_338' title='bbox 1376 346 1525 391; x_wconf 64' lang='lat' dir='ltr'>coastis</span> <span class='ocrx_word' id='word_1_339' title='bbox 1578 343 1821 388; x_wconf 83' lang='lat' dir='ltr'>constituere</span> <span class='ocrx_word' id='word_1_340' title='bbox 1864 339 2055 395; x_wconf 83' lang='lat' dir='ltr'>regulas,</span> <span class='ocrx_word' id='word_1_341' title='bbox 2097 350 2138 382; x_wconf 91' lang='lat' dir='ltr'>et</span> <span class='ocrx_word' id='word_1_342' title='bbox 2181 339 2263 382; x_wconf 90' lang='lat' dir='ltr'>sin-</span> 
     </span>
     <span class='ocr_line' id='line_1_58' title="bbox 1226 402 2259 462; baseline -0.011 -13"><span class='ocrx_word' id='word_1_343' title='bbox 1226 405 1339 462; x_wconf 80' lang='lat' dir='ltr'>gulas</span> <span class='ocrx_word' id='word_1_344' title='bbox 1380 420 1439 448; x_wconf 89' lang='lat' dir='ltr'>res</span> <span class='ocrx_word' id='word_1_345' title='bbox 1482 403 1531 447; x_wconf 85' lang='lat' dir='ltr'>ad</span> <span class='ocrx_word' id='word_1_346' title='bbox 1582 402 1647 446; x_wconf 88' lang='lat' dir='ltr'>sua</span> <span class='ocrx_word' id='word_1_347' title='bbox 1688 413 1877 443; x_wconf 86' lang='lat' dir='ltr'>revocare</span> <span class='ocrx_word' id='word_1_348' title='bbox 1921 411 2103 453; x_wconf 84' lang='lat' dir='ltr'>genera3</span> <span class='ocrx_word' id='word_1_349' title='bbox 2133 411 2259 451; x_wconf 85' lang='lat' dir='ltr'>eaque</span> 
     </span>
     <span class='ocr_line' id='line_1_59' title="bbox 1228 451 2262 510; baseline -0.01 -5"><span class='ocrx_word' id='word_1_350' title='bbox 1228 462 1356 506; x_wconf 90' lang='lat' dir='ltr'>rursus</span> <span class='ocrx_word' id='word_1_351' title='bbox 1389 462 1432 504; x_wconf 86' lang='lat' dir='ltr'>in</span> <span class='ocrx_word' id='word_1_352' title='bbox 1464 472 1592 505; x_wconf 87' lang='lat' dir='ltr'>certas</span> <span class='ocrx_word' id='word_1_353' title='bbox 1623 458 1856 502; x_wconf 86' lang='lat' dir='ltr'>distribuere</span> <span class='ocrx_word' id='word_1_354' title='bbox 1890 466 2021 510; x_wconf 89' lang='lat' dir='ltr'>partes</span> <span class='ocrx_word' id='word_1_355' title='bbox 2053 483 2062 495; x_wconf 88' lang='lat'>.</span> <span class='ocrx_word' id='word_1_356' title='bbox 2106 454 2169 496; x_wconf 87' lang='lat' dir='ltr'>Ea</span> <span class='ocrx_word' id='word_1_357' title='bbox 2198 451 2262 495; x_wconf 87' lang='lat' dir='ltr'>di-</span> 
     </span>
     <span class='ocr_line' id='line_1_60' title="bbox 1227 508 2262 570; baseline -0.01 -8"><span class='ocrx_word' id='word_1_358' title='bbox 1227 519 1482 563; x_wconf 74' lang='lat' dir='ltr'>ffinitionibus</span> <span class='ocrx_word' id='word_1_359' title='bbox 1525 518 1593 570; x_wconf 84' lang='lat' dir='ltr'>Jus</span> <span class='ocrx_word' id='word_1_360' title='bbox 1637 514 1760 560; x_wconf 89' lang='lat' dir='ltr'>civile</span> <span class='ocrx_word' id='word_1_361' title='bbox 1801 511 2065 568; x_wconf 87' lang='lat' dir='ltr'>composuit,</span> <span class='ocrx_word' id='word_1_362' title='bbox 2119 508 2262 553; x_wconf 86' lang='lat' dir='ltr'>distin-</span> 
     </span>
     <span class='ocr_line' id='line_1_61' title="bbox 1227 566 2260 632; baseline -0.01 -13"><span class='ocrx_word' id='word_1_363' title='bbox 1227 577 1368 632; x_wconf 82' lang='lat' dir='ltr'>xitque</span> <span class='ocrx_word' id='word_1_364' title='bbox 1400 574 1691 627; x_wconf 75' lang='lat' dir='ltr'>divisionibus,</span> <span class='ocrx_word' id='word_1_365' title='bbox 1723 584 1764 615; x_wconf 90' lang='lat' dir='ltr'>et</span> <span class='ocrx_word' id='word_1_366' title='bbox 1804 587 1854 616; x_wconf 81' lang='lat' dir='ltr'>ex</span> <span class='ocrx_word' id='word_1_367' title='bbox 1887 566 2117 613; x_wconf 87' lang='lat' dir='ltr'>constitutis</span> <span class='ocrx_word' id='word_1_368' title='bbox 2144 578 2260 610; x_wconf 87' lang='lat' dir='ltr'>ante-</span> 
     </span>
     <span class='ocr_line' id='line_1_62' title="bbox 1226 624 2263 686; baseline -0.01 -9"><span class='ocrx_word' id='word_1_369' title='bbox 1226 633 1460 677; x_wconf 85' lang='lat' dir='ltr'>cedentibus</span> <span class='ocrx_word' id='word_1_370' title='bbox 1519 629 1807 686; x_wconf 82' lang='lat' dir='ltr'>consequentia</span> <span class='ocrx_word' id='word_1_371' title='bbox 1859 625 2024 672; x_wconf 83' lang='lat' dir='ltr'>deduxit</span> <span class='ocrx_word' id='word_1_372' title='bbox 2054 656 2068 680; x_wconf 93' lang='lat'>,</span> <span class='ocrx_word' id='word_1_373' title='bbox 2135 624 2263 668; x_wconf 85' lang='lat' dir='ltr'>ratio-</span> 
     </span>
     <span class='ocr_line' id='line_1_63' title="bbox 1228 681 2263 745; baseline -0.008 -13"><span class='ocrx_word' id='word_1_374' title='bbox 1228 705 1404 745; x_wconf 89' lang='lat' dir='ltr'>nemque</span> <span class='ocrx_word' id='word_1_375' title='bbox 1447 688 1633 733; x_wconf 68' lang='lat' dir='ltr'>tradidit.</span> <span class='ocrx_word' id='word_1_376' title='bbox 1681 703 1760 744; x_wconf 89' lang='lat' dir='ltr'>qua</span> <span class='ocrx_word' id='word_1_377' title='bbox 1803 686 1945 740; x_wconf 85' lang='lat' dir='ltr'>ignota</span> <span class='ocrx_word' id='word_1_378' title='bbox 1985 699 2034 727; x_wconf 81' lang='lat' dir='ltr'>ex</span> <span class='ocrx_word' id='word_1_379' title='bbox 2079 681 2263 744; x_wconf 74' lang='lat' dir='ltr'>notise·</span> 
     </span>
     <span class='ocr_line' id='line_1_64' title="bbox 1227 738 2263 795; baseline -0.008 -7"><span class='ocrx_word' id='word_1_380' title='bbox 1227 760 1462 790; x_wconf 72' lang='lat' dir='ltr'>tuerentur.</span> <span class='ocrx_word' id='word_1_381' title='bbox 1507 747 1570 789; x_wconf 86' lang='lat' dir='ltr'>Ea</span> <span class='ocrx_word' id='word_1_382' title='bbox 1609 745 1779 788; x_wconf 88' lang='lat' dir='ltr'>demum</span> <span class='ocrx_word' id='word_1_383' title='bbox 1822 742 1992 794; x_wconf 77' lang='lat' dir='ltr'>effecit,</span> <span class='ocrx_word' id='word_1_384' title='bbox 2039 751 2083 785; x_wconf 89' lang='lat' dir='ltr'>ut</span> <span class='ocrx_word' id='word_1_385' title='bbox 2115 738 2263 795; x_wconf 84' lang='lat' dir='ltr'>peritia.</span> 
     </span>
     <span class='ocr_line' id='line_1_65' title="bbox 1227 796 2262 857; baseline -0.008 -10"><span class='ocrx_word' id='word_1_386' title='bbox 1227 804 1269 847; x_wconf 90' lang='lat' dir='ltr'>in</span> <span class='ocrx_word' id='word_1_387' title='bbox 1315 803 1526 857; x_wconf 85' lang='lat' dir='ltr'>scientiam</span> <span class='ocrx_word' id='word_1_388' title='bbox 1571 801 1756 844; x_wconf 85' lang='lat' dir='ltr'>transiret</span> <span class='ocrx_word' id='word_1_389' title='bbox 1783 833 1794 853; x_wconf 92' lang='lat'>‚</span> <span class='ocrx_word' id='word_1_390' title='bbox 1841 811 1881 844; x_wconf 89' lang='lat' dir='ltr'>et</span> <span class='ocrx_word' id='word_1_391' title='bbox 1928 799 2018 843; x_wconf 91' lang='lat' dir='ltr'>usus</span> <span class='ocrx_word' id='word_1_392' title='bbox 2060 796 2262 854; x_wconf 83' lang='lat' dir='ltr'>migraret</span> 
     </span>
     <span class='ocr_line' id='line_1_66' title="bbox 1227 854 2262 915; baseline -0.007 -11"><span class='ocrx_word' id='word_1_393' title='bbox 1227 862 1270 904; x_wconf 89' lang='lat' dir='ltr'>in</span> <span class='ocrx_word' id='word_1_394' title='bbox 1302 873 1432 904; x_wconf 91' lang='lat' dir='ltr'>artem</span> <span class='ocrx_word' id='word_1_395' title='bbox 1456 891 1468 912; x_wconf 90' lang='lat'>,</span> <span class='ocrx_word' id='word_1_396' title='bbox 1499 874 1664 915; x_wconf 85' lang='lat' dir='ltr'>quaeque</span> <span class='ocrx_word' id='word_1_397' title='bbox 1696 858 1879 913; x_wconf 81' lang='lat' dir='ltr'>dissipata</span> <span class='ocrx_word' id='word_1_398' title='bbox 1909 866 2028 900; x_wconf 86' lang='lat' dir='ltr'>erant</span> <span class='ocrx_word' id='word_1_399' title='bbox 2059 854 2126 899; x_wconf 85' lang='lat' dir='ltr'>vel</span> <span class='ocrx_word' id='word_1_400' title='bbox 2160 869 2262 898; x_wconf 88' lang='lat' dir='ltr'>con-</span> 
     </span>
     <span class='ocr_line' id='line_1_67' title="bbox 1227 911 2255 970; baseline -0.006 -11"><span class='ocrx_word' id='word_1_401' title='bbox 1227 917 1338 970; x_wconf 89' lang='lat' dir='ltr'>fusa,</span> <span class='ocrx_word' id='word_1_402' title='bbox 1381 918 1490 960; x_wconf 86' lang='lat' dir='ltr'>suam</span> <span class='ocrx_word' id='word_1_403' title='bbox 1523 917 1565 959; x_wconf 90' lang='lat' dir='ltr'>in</span> <span class='ocrx_word' id='word_1_404' title='bbox 1601 915 1729 959; x_wconf 86' lang='lat' dir='ltr'>sedem</span> <span class='ocrx_word' id='word_1_405' title='bbox 1764 929 1929 970; x_wconf 87' lang='lat' dir='ltr'>quaeque</span> <span class='ocrx_word' id='word_1_406' title='bbox 1959 911 2255 957; x_wconf 88' lang='lat' dir='ltr'>concederent.</span> 
     </span>
     <span class='ocr_line' id='line_1_68' title="bbox 1227 969 2261 1030; baseline -0.008 -12"><span class='ocrx_word' id='word_1_407' title='bbox 1227 974 1508 1030; x_wconf 82' lang='lat' dir='ltr'>Quamobrem</span> <span class='ocrx_word' id='word_1_408' title='bbox 1554 971 1840 1027; x_wconf 86' lang='lat' dir='ltr'>Philosophia,</span> <span class='ocrx_word' id='word_1_409' title='bbox 1889 985 1976 1026; x_wconf 86' lang='lat' dir='ltr'>quae</span> <span class='ocrx_word' id='word_1_410' title='bbox 2006 969 2110 1025; x_wconf 87' lang='lat' dir='ltr'>apud</span> <span class='ocrx_word' id='word_1_411' title='bbox 2141 969 2261 1014; x_wconf 82' lang='lat' dir='ltr'>Grae-</span> 
     </span>
     <span class='ocr_line' id='line_1_69' title="bbox 1226 1026 2257 1079; baseline -0.006 -5"><span class='ocrx_word' id='word_1_412' title='bbox 1226 1031 1292 1074; x_wconf 82' lang='lat' dir='ltr'>cos</span> <span class='ocrx_word' id='word_1_413' title='bbox 1353 1032 1395 1074; x_wconf 92' lang='lat' dir='ltr'>in</span> <span class='ocrx_word' id='word_1_414' title='bbox 1450 1029 1589 1072; x_wconf 84' lang='lat' dir='ltr'>otiosis</span> <span class='ocrx_word' id='word_1_415' title='bbox 1641 1027 1925 1073; x_wconf 76' lang='lat' dir='ltr'>controversiis</span> <span class='ocrx_word' id='word_1_416' title='bbox 1964 1026 2257 1079; x_wconf 87' lang='lat' dir='ltr'>delitescebat,</span> 
     </span>
     <span class='ocr_line' id='line_1_70' title="bbox 1226 1082 2260 1140; baseline -0.007 -8"><span class='ocrx_word' id='word_1_417' title='bbox 1226 1091 1372 1132; x_wconf 84' lang='lat' dir='ltr'>Romae</span> <span class='ocrx_word' id='word_1_418' title='bbox 1430 1086 1695 1130; x_wconf 86' lang='lat' dir='ltr'>adhibebatur</span> <span class='ocrx_word' id='word_1_419' title='bbox 1746 1085 1796 1128; x_wconf 90' lang='lat' dir='ltr'>ad</span> <span class='ocrx_word' id='word_1_420' title='bbox 1854 1083 2058 1140; x_wconf 81' lang='lat' dir='ltr'>privatam</span> <span class='ocrx_word' id='word_1_421' title='bbox 2100 1082 2260 1127; x_wconf 86' lang='lat' dir='ltr'>utilita-</span> 
     </span>
     <span class='ocr_line' id='line_1_71' title="bbox 1225 1138 2259 1199; baseline -0.005 -11"><span class='ocrx_word' id='word_1_422' title='bbox 1225 1152 1311 1189; x_wconf 88' lang='lat' dir='ltr'>tem</span> <span class='ocrx_word' id='word_1_423' title='bbox 1365 1156 1406 1188; x_wconf 92' lang='lat' dir='ltr'>et</span> <span class='ocrx_word' id='word_1_424' title='bbox 1456 1142 1664 1199; x_wconf 81' lang='lat' dir='ltr'>publicam</span> <span class='ocrx_word' id='word_1_425' title='bbox 1721 1140 2068 1198; x_wconf 87' lang='lat' dir='ltr'>tranquillitatem</span> <span class='ocrx_word' id='word_1_426' title='bbox 2126 1138 2259 1195; x_wconf 82' lang='lat' dir='ltr'>expli·</span> 
     </span>
     <span class='ocr_line' id='line_1_72' title="bbox 1224 1196 2263 1256; baseline -0.005 -10"><span class='ocrx_word' id='word_1_427' title='bbox 1224 1201 1362 1246; x_wconf 85' lang='lat' dir='ltr'>candis</span> <span class='ocrx_word' id='word_1_428' title='bbox 1411 1199 1606 1256; x_wconf 82' lang='lat' dir='ltr'>legibus,</span> <span class='ocrx_word' id='word_1_429' title='bbox 1657 1210 1699 1243; x_wconf 89' lang='lat' dir='ltr'>et</span> <span class='ocrx_word' id='word_1_430' title='bbox 1744 1198 1902 1243; x_wconf 86' lang='lat' dir='ltr'>civium</span> <span class='ocrx_word' id='word_1_431' title='bbox 1949 1196 2090 1241; x_wconf 88' lang='lat' dir='ltr'>litibus</span> <span class='ocrx_word' id='word_1_432' title='bbox 2122 1197 2263 1251; x_wconf 83' lang='lat' dir='ltr'>priva-</span> 
     </span>
     <span class='ocr_line' id='line_1_73' title="bbox 1224 1251 2258 1310; baseline -0.007 -7"><span class='ocrx_word' id='word_1_433' title='bbox 1224 1271 1267 1303; x_wconf 90' lang='lat' dir='ltr'>to</span> <span class='ocrx_word' id='word_1_434' title='bbox 1338 1255 1723 1310; x_wconf 89' lang='lat' dir='ltr'>Jurisconsultorum</span> <span class='ocrx_word' id='word_1_435' title='bbox 1796 1253 1946 1306; x_wconf 79' lang='lat' dir='ltr'>iudicio</span> <span class='ocrx_word' id='word_1_436' title='bbox 2016 1251 2216 1309; x_wconf 90' lang='lat' dir='ltr'>sopiendis</span> <span class='ocrx_word' id='word_1_437' title='bbox 2245 1282 2258 1296; x_wconf 85' lang='lat'><em>.</em></span> 
     </span>
     <span class='ocr_line' id='line_1_74' title="bbox 1223 1310 2259 1364; baseline -0.006 -5"><span class='ocrx_word' id='word_1_438' title='bbox 1223 1318 1365 1359; x_wconf 90' lang='lat' dir='ltr'>Tanta</span> <span class='ocrx_word' id='word_1_439' title='bbox 1413 1313 1528 1358; x_wconf 90' lang='lat' dir='ltr'>enim</span> <span class='ocrx_word' id='word_1_440' title='bbox 1579 1327 1724 1357; x_wconf 86' lang='lat' dir='ltr'>eorum</span> <span class='ocrx_word' id='word_1_441' title='bbox 1774 1323 1862 1355; x_wconf 91' lang='lat' dir='ltr'>erat</span> <span class='ocrx_word' id='word_1_442' title='bbox 1903 1310 2120 1355; x_wconf 51' lang='lat' dir='ltr'>autimas</span> <span class='ocrx_word' id='word_1_443' title='bbox 2145 1341 2158 1364; x_wconf 93' lang='lat'>,</span> <span class='ocrx_word' id='word_1_444' title='bbox 2211 1321 2259 1353; x_wconf 76' lang='lat' dir='ltr'>ut</span> 
     </span>
     <span class='ocr_line' id='line_1_75' title="bbox 1223 1366 2262 1428; baseline -0.007 -11"><span class='ocrx_word' id='word_1_445' title='bbox 1223 1374 1321 1428; x_wconf 86' lang='lat' dir='ltr'>saepe</span> <span class='ocrx_word' id='word_1_446' title='bbox 1364 1370 1474 1416; x_wconf 85' lang='lat' dir='ltr'>cives</span> <span class='ocrx_word' id='word_1_447' title='bbox 1517 1387 1540 1414; x_wconf 90' lang='lat' dir='ltr'>a</span> <span class='ocrx_word' id='word_1_448' title='bbox 1581 1366 1925 1413; x_wconf 87' lang='lat' dir='ltr'>contentionibus</span> <span class='ocrx_word' id='word_1_449' title='bbox 1957 1366 2150 1419; x_wconf 84' lang='lat' dir='ltr'>responsis</span> <span class='ocrx_word' id='word_1_450' title='bbox 2183 1366 2262 1410; x_wconf 86' lang='lat' dir='ltr'>suis</span> 
     </span>
     <span class='ocr_line' id='line_1_76' title="bbox 1221 1422 2258 1474; baseline -0.006 -1"><span class='ocrx_word' id='word_1_451' title='bbox 1221 1440 1475 1474; x_wconf 82' lang='lat' dir='ltr'>avocarent.</span> <span class='ocrx_word' id='word_1_452' title='bbox 1521 1426 1647 1471; x_wconf 88' lang='lat' dir='ltr'>Unde</span> <span class='ocrx_word' id='word_1_453' title='bbox 1688 1424 1839 1468; x_wconf 88' lang='lat' dir='ltr'>merito</span> <span class='ocrx_word' id='word_1_454' title='bbox 1886 1424 1951 1466; x_wconf 91' lang='lat' dir='ltr'>M.</span> <span class='ocrx_word' id='word_1_455' title='bbox 1995 1422 2164 1467; x_wconf 89' lang='lat' dir='ltr'>Tullius</span> <span class='ocrx_word' id='word_1_456' title='bbox 2205 1438 2258 1467; x_wconf 76' lang='lat' dir='ltr'>ex</span> 
     </span>
     <span class='ocr_line' id='line_1_77' title="bbox 1220 1479 2260 1544; baseline -0.009 -13"><span class='ocrx_word' id='word_1_457' title='bbox 1220 1487 1390 1544; x_wconf 86' lang='lat' dir='ltr'>persona</span> <span class='ocrx_word' id='word_1_458' title='bbox 1432 1487 1477 1528; x_wconf 88' lang='lat' dir='ltr'>L.</span> <span class='ocrx_word' id='word_1_459' title='bbox 1508 1484 1642 1528; x_wconf 79' lang='lat' dir='ltr'>Crassi</span> <span class='ocrx_word' id='word_1_460' title='bbox 1671 1482 1844 1525; x_wconf 89' lang='lat' dir='ltr'>domum</span> <span class='ocrx_word' id='word_1_461' title='bbox 1874 1479 2156 1532; x_wconf 73' lang='lat' dir='ltr'>jurisconsulti</span> <span class='ocrx_word' id='word_1_462' title='bbox 2187 1494 2260 1536; x_wconf 90' lang='lat' dir='ltr'>ap-</span> 
     </span>
     <span class='ocr_line' id='line_1_78' title="bbox 1222 1536 2263 1600; baseline -0.009 -13"><span class='ocrx_word' id='word_1_463' title='bbox 1222 1543 1394 1600; x_wconf 85' lang='lat' dir='ltr'>pellavit</span> <span class='ocrx_word' id='word_1_464' title='bbox 1446 1540 1572 1585; x_wconf 89' lang='lat' dir='ltr'>totius</span> <span class='ocrx_word' id='word_1_465' title='bbox 1623 1539 1835 1584; x_wconf 90' lang='lat' dir='ltr'>oraculum</span> <span class='ocrx_word' id='word_1_466' title='bbox 1886 1536 2101 1582; x_wconf 83' lang='lat' dir='ltr'>civitatis.</span> <span class='ocrx_word' id='word_1_467' title='bbox 2156 1537 2263 1580; x_wconf 80' lang='lat' dir='ltr'>Prae-</span> 
     </span>
     <span class='ocr_line' id='line_1_79' title="bbox 1220 1592 2262 1649; baseline -0.006 -5"><span class='ocrx_word' id='word_1_468' title='bbox 1220 1614 1285 1645; x_wconf 87' lang='lat' dir='ltr'>ter</span> <span class='ocrx_word' id='word_1_469' title='bbox 1334 1598 1536 1643; x_wconf 87' lang='lat' dir='ltr'>moralem</span> <span class='ocrx_word' id='word_1_470' title='bbox 1576 1609 1617 1642; x_wconf 92' lang='lat' dir='ltr'>et</span> <span class='ocrx_word' id='word_1_471' title='bbox 1666 1594 1911 1640; x_wconf 88' lang='lat' dir='ltr'>rationalem</span> <span class='ocrx_word' id='word_1_472' title='bbox 1946 1592 2262 1649; x_wconf 86' lang='lat' dir='ltr'>Philosophiam</span> 
     </span>
     <span class='ocr_line' id='line_1_80' title="bbox 1220 1650 2262 1715; baseline -0.009 -13"><span class='ocrx_word' id='word_1_473' title='bbox 1220 1656 1545 1715; x_wconf 84' lang='lat' dir='ltr'>Jurisprudentia</span> <span class='ocrx_word' id='word_1_474' title='bbox 1601 1654 1753 1698; x_wconf 87' lang='lat' dir='ltr'>sociam</span> <span class='ocrx_word' id='word_1_475' title='bbox 1779 1651 1866 1696; x_wconf 84' lang='lat' dir='ltr'>·fibi</span> <span class='ocrx_word' id='word_1_476' title='bbox 1923 1663 2048 1708; x_wconf 87' lang='lat' dir='ltr'>atque</span> <span class='ocrx_word' id='word_1_477' title='bbox 2090 1650 2262 1703; x_wconf 84' lang='lat' dir='ltr'>adjutri-</span> 
     </span>
     <span class='ocr_line' id='line_1_81' title="bbox 1220 1707 2262 1759; baseline -0.008 0"><span class='ocrx_word' id='word_1_478' title='bbox 1220 1731 1311 1759; x_wconf 89' lang='lat' dir='ltr'>cem</span> <span class='ocrx_word' id='word_1_479' title='bbox 1351 1713 1536 1758; x_wconf 84' lang='lat' dir='ltr'>adhibuit</span> <span class='ocrx_word' id='word_1_480' title='bbox 1580 1711 1854 1756; x_wconf 89' lang='lat' dir='ltr'>eruditionem</span> <span class='ocrx_word' id='word_1_481' title='bbox 1886 1720 1926 1753; x_wconf 91' lang='lat' dir='ltr'>et</span> <span class='ocrx_word' id='word_1_482' title='bbox 1957 1707 2153 1752; x_wconf 90' lang='lat' dir='ltr'>notitiam</span> <span class='ocrx_word' id='word_1_483' title='bbox 2188 1724 2262 1752; x_wconf 86' lang='lat' dir='ltr'>ve·-</span> 
     </span>
     <span class='ocr_line' id='line_1_82' title="bbox 1220 1763 2256 1825; baseline -0.007 -10"><span class='ocrx_word' id='word_1_484' title='bbox 1220 1771 1378 1816; x_wconf 86' lang='lat' dir='ltr'>tustatis</span> <span class='ocrx_word' id='word_1_485' title='bbox 1422 1783 1463 1815; x_wconf 91' lang='lat' dir='ltr'>et</span> <span class='ocrx_word' id='word_1_486' title='bbox 1507 1768 1642 1824; x_wconf 88' lang='lat' dir='ltr'>priscae</span> <span class='ocrx_word' id='word_1_487' title='bbox 1673 1768 1826 1825; x_wconf 85' lang='lat' dir='ltr'>linguae</span> <span class='ocrx_word' id='word_1_488' title='bbox 1856 1765 2077 1822; x_wconf 88' lang='lat' dir='ltr'>peritiam,</span> <span class='ocrx_word' id='word_1_489' title='bbox 2108 1763 2256 1822; x_wconf 87' lang='lat' dir='ltr'>quibus</span> 
     </span>
     <span class='ocr_line' id='line_1_83' title="bbox 1220 1822 2262 1879; baseline -0.008 -6"><span class='ocrx_word' id='word_1_490' title='bbox 1220 1829 1448 1874; x_wconf 87' lang='lat' dir='ltr'>luminibus</span> <span class='ocrx_word' id='word_1_491' title='bbox 1503 1826 1632 1871; x_wconf 90' lang='lat' dir='ltr'>sensus</span> <span class='ocrx_word' id='word_1_492' title='bbox 1677 1837 1864 1870; x_wconf 88' lang='lat' dir='ltr'>veterum</span> <span class='ocrx_word' id='word_1_493' title='bbox 1914 1823 2050 1879; x_wconf 87' lang='lat' dir='ltr'>legum</span> <span class='ocrx_word' id='word_1_494' title='bbox 2074 1853 2087 1876; x_wconf 93' lang='lat'>‚</span> <span class='ocrx_word' id='word_1_495' title='bbox 2139 1822 2262 1866; x_wconf 81' lang='lat' dir='ltr'>novis</span> 
     </span>
     <span class='ocr_line' id='line_1_84' title="bbox 1219 1878 2262 1941; baseline -0.008 -11"><span class='ocrx_word' id='word_1_496' title='bbox 1219 1887 1405 1931; x_wconf 87' lang='lat' dir='ltr'>moribus</span> <span class='ocrx_word' id='word_1_497' title='bbox 1446 1884 1641 1941; x_wconf 89' lang='lat' dir='ltr'>novisque</span> <span class='ocrx_word' id='word_1_498' title='bbox 1689 1881 1899 1926; x_wconf 89' lang='lat' dir='ltr'>vocabulis</span> <span class='ocrx_word' id='word_1_499' title='bbox 1931 1880 2177 1937; x_wconf 89' lang='lat' dir='ltr'>mutatisque</span> <span class='ocrx_word' id='word_1_500' title='bbox 2210 1878 2262 1922; x_wconf 84' lang='lat' dir='ltr'>fi-</span> 
     </span>
     <span class='ocr_line' id='line_1_85' title="bbox 1218 1935 2258 2001; baseline -0.01 -13"><span class='ocrx_word' id='word_1_501' title='bbox 1218 1943 1555 2001; x_wconf 84' lang='lat' dir='ltr'>gnificationibus</span> <span class='ocrx_word' id='word_1_502' title='bbox 1594 1940 1837 1992; x_wconf 86' lang='lat' dir='ltr'>obscurati,</span> <span class='ocrx_word' id='word_1_503' title='bbox 1884 1937 2047 1982; x_wconf 87' lang='lat' dir='ltr'>felicius</span> <span class='ocrx_word' id='word_1_504' title='bbox 2091 1935 2258 1981; x_wconf 84' lang='lat' dir='ltr'>evolve-</span> 
     </span>
     <span class='ocr_line' id='line_1_86' title="bbox 1219 1991 2259 2055; baseline -0.011 -10"><span class='ocrx_word' id='word_1_505' title='bbox 1219 2013 1385 2046; x_wconf 87' lang='lat' dir='ltr'>rentur.</span> <span class='ocrx_word' id='word_1_506' title='bbox 1430 2002 1496 2044; x_wconf 82' lang='lat' dir='ltr'>Ex</span> <span class='ocrx_word' id='word_1_507' title='bbox 1538 2014 1620 2055; x_wconf 91' lang='lat' dir='ltr'>quo</span> <span class='ocrx_word' id='word_1_508' title='bbox 1651 1997 1780 2041; x_wconf 85' lang='lat' dir='ltr'>studio</span> <span class='ocrx_word' id='word_1_509' title='bbox 1813 1994 1958 2051; x_wconf 88' lang='lat' dir='ltr'>scripta</span> <span class='ocrx_word' id='word_1_510' title='bbox 1989 1991 2259 2047; x_wconf 74' lang='lat' dir='ltr'>Iurisconsul-</span> 
     </span>
     <span class='ocr_line' id='line_1_87' title="bbox 1218 2050 2259 2106; baseline -0.01 -3"><span class='ocrx_word' id='word_1_511' title='bbox 1218 2071 1357 2103; x_wconf 89' lang='lat' dir='ltr'>torum</span> <span class='ocrx_word' id='word_1_512' title='bbox 1407 2073 1493 2100; x_wconf 82' lang='lat' dir='ltr'>non</span> <span class='ocrx_word' id='word_1_513' title='bbox 1541 2055 1664 2099; x_wconf 89' lang='lat' dir='ltr'>modo</span> <span class='ocrx_word' id='word_1_514' title='bbox 1714 2053 1939 2106; x_wconf 59' lang='lat' dir='ltr'>selefi‘tarn,</span> <span class='ocrx_word' id='word_1_515' title='bbox 1991 2067 2039 2095; x_wconf 89' lang='lat' dir='ltr'>ac</span> <span class='ocrx_word' id='word_1_516' title='bbox 2079 2050 2259 2094; x_wconf 86' lang='lat' dir='ltr'>minime</span> 
     </span>
     <span class='ocr_line' id='line_1_88' title="bbox 1221 2106 2259 2172; baseline -0.011 -12"><span class='ocrx_word' id='word_1_517' title='bbox 1221 2116 1435 2172; x_wconf 84' lang='lat' dir='ltr'>vulgarem</span> <span class='ocrx_word' id='word_1_518' title='bbox 1476 2112 1777 2164; x_wconf 89' lang='lat' dir='ltr'>eruditionem,</span> <span class='ocrx_word' id='word_1_519' title='bbox 1820 2110 1884 2154; x_wconf 91' lang='lat' dir='ltr'>sed</span> <span class='ocrx_word' id='word_1_520' title='bbox 1913 2120 1955 2153; x_wconf 92' lang='lat' dir='ltr'>et</span> <span class='ocrx_word' id='word_1_521' title='bbox 1986 2107 2141 2152; x_wconf 90' lang='lat' dir='ltr'>mirum</span> <span class='ocrx_word' id='word_1_522' title='bbox 2173 2106 2259 2150; x_wconf 88' lang='lat' dir='ltr'>lin-</span> 
     </span>
     <span class='ocr_line' id='line_1_89' title="bbox 1219 2163 2258 2231; baseline -0.011 -14"><span class='ocrx_word' id='word_1_523' title='bbox 1219 2187 1308 2231; x_wconf 82' lang='lat' dir='ltr'>guae</span> <span class='ocrx_word' id='word_1_524' title='bbox 1337 2171 1559 2217; x_wconf 87' lang='lat' dir='ltr'>candorem</span> <span class='ocrx_word' id='word_1_525' title='bbox 1590 2168 1845 2212; x_wconf 86' lang='lat' dir='ltr'>imbiberunt</span> <span class='ocrx_word' id='word_1_526' title='bbox 1865 2197 1878 2221; x_wconf 89' lang='lat'>,</span> <span class='ocrx_word' id='word_1_527' title='bbox 1910 2165 2043 2222; x_wconf 88' lang='lat' dir='ltr'>qualis</span> <span class='ocrx_word' id='word_1_528' title='bbox 2074 2163 2139 2208; x_wconf 89' lang='lat' dir='ltr'>vel</span> <span class='ocrx_word' id='word_1_529' title='bbox 2159 2178 2258 2208; x_wconf 85' lang='lat' dir='ltr'>cum</span> 
     </span>
     <span class='ocr_line' id='line_1_90' title="bbox 1217 2222 2256 2277; baseline -0.009 -3"><span class='ocrx_word' id='word_1_530' title='bbox 1217 2245 1339 2274; x_wconf 88' lang='lat' dir='ltr'>aurea</span> <span class='ocrx_word' id='word_1_531' title='bbox 1382 2226 1600 2273; x_wconf 88' lang='lat' dir='ltr'>Ciceronis</span> <span class='ocrx_word' id='word_1_532' title='bbox 1640 2237 1755 2269; x_wconf 81' lang='lat' dir='ltr'>aetate</span> <span class='ocrx_word' id='word_1_533' title='bbox 1799 2222 2059 2268; x_wconf 88' lang='lat' dir='ltr'>contenderit</span> <span class='ocrx_word' id='word_1_534' title='bbox 2084 2236 2097 2275; x_wconf 90' lang='lat'>;</span> <span class='ocrx_word' id='word_1_535' title='bbox 2127 2236 2256 2277; x_wconf 86' lang='lat' dir='ltr'>quam</span> 
     </span>
     <span class='ocr_line' id='line_1_91' title="bbox 1219 2277 2255 2344; baseline -0.01 -14"><span class='ocrx_word' id='word_1_536' title='bbox 1219 2287 1451 2344; x_wconf 84' lang='lat' dir='ltr'>ingenitam</span> <span class='ocrx_word' id='word_1_537' title='bbox 1496 2284 1574 2338; x_wconf 87' lang='lat' dir='ltr'>juri</span> <span class='ocrx_word' id='word_1_538' title='bbox 1619 2283 1734 2327; x_wconf 87' lang='lat' dir='ltr'>civili</span> <span class='ocrx_word' id='word_1_539' title='bbox 1777 2280 2050 2325; x_wconf 85' lang='lat' dir='ltr'>eruditionem</span> <span class='ocrx_word' id='word_1_540' title='bbox 2081 2291 2123 2322; x_wconf 94' lang='lat' dir='ltr'>et</span> <span class='ocrx_word' id='word_1_541' title='bbox 2157 2277 2255 2321; x_wconf 89' lang='lat' dir='ltr'>scri·</span> 
     </span>
     <span class='ocr_line' id='line_1_92' title="bbox 1219 2334 2256 2395; baseline -0.011 -7"><span class='ocrx_word' id='word_1_542' title='bbox 1219 2344 1338 2388; x_wconf 75' lang='lat' dir='ltr'>bendi</span> <span class='ocrx_word' id='word_1_543' title='bbox 1383 2344 1560 2386; x_wconf 86' lang='lat' dir='ltr'>nitorem</span> <span class='ocrx_word' id='word_1_544' title='bbox 1605 2341 1673 2384; x_wconf 87' lang='lat' dir='ltr'>diu</span> <span class='ocrx_word' id='word_1_545' title='bbox 1717 2339 1800 2395; x_wconf 88' lang='lat' dir='ltr'>post</span> <span class='ocrx_word' id='word_1_546' title='bbox 1839 2336 2064 2395; x_wconf 75' lang='lat' dir='ltr'>oppressam</span> <span class='ocrx_word' id='word_1_547' title='bbox 2110 2351 2133 2378; x_wconf 90' lang='lat' dir='ltr'>a</span> <span class='ocrx_word' id='word_1_548' title='bbox 2164 2334 2256 2378; x_wconf 80' lang='lat' dir='ltr'>bar-</span> 
     </span>
     <span class='ocr_line' id='line_1_93' title="bbox 1219 2391 2252 2450; baseline -0.011 -4"><span class='ocrx_word' id='word_1_549' title='bbox 1219 2402 1324 2446; x_wconf 87' lang='lat' dir='ltr'>baris</span> <span class='ocrx_word' id='word_1_550' title='bbox 1368 2400 1534 2444; x_wconf 88' lang='lat' dir='ltr'>Italiam</span> <span class='ocrx_word' id='word_1_551' title='bbox 1578 2396 1820 2441; x_wconf 82' lang='lat' dir='ltr'>exulantem</span> <span class='ocrx_word' id='word_1_552' title='bbox 1861 2395 2049 2450; x_wconf 89' lang='lat' dir='ltr'>princeps</span> <span class='ocrx_word' id='word_1_553' title='bbox 2089 2391 2252 2437; x_wconf 79' lang='lat' dir='ltr'>reduxit</span> 
     </span>
     <span class='ocr_line' id='line_1_94' title="bbox 1222 2449 2257 2510; baseline -0.013 -6"><span class='ocrx_word' id='word_1_554' title='bbox 1222 2459 1446 2503; x_wconf 86' lang='lat' dir='ltr'>Alciatus.</span> <span class='ocrx_word' id='word_1_555' title='bbox 1485 2456 1600 2500; x_wconf 89' lang='lat' dir='ltr'>Hinc</span> <span class='ocrx_word' id='word_1_556' title='bbox 1642 2453 1747 2510; x_wconf 87' lang='lat' dir='ltr'>apud</span> <span class='ocrx_word' id='word_1_557' title='bbox 1788 2451 1978 2497; x_wconf 88' lang='lat' dir='ltr'>Gellium</span> <span class='ocrx_word' id='word_1_558' title='bbox 2018 2450 2166 2494; x_wconf 90' lang='lat' dir='ltr'>crebrae</span> <span class='ocrx_word' id='word_1_559' title='bbox 2208 2449 2257 2492; x_wconf 87' lang='lat' dir='ltr'>de</span> 
     </span>
     <span class='ocr_line' id='line_1_95' title="bbox 1219 2505 2255 2574; baseline -0.013 -13"><span class='ocrx_word' id='word_1_560' title='bbox 1219 2516 1465 2574; x_wconf 86' lang='lat' dir='ltr'>proprietate</span> <span class='ocrx_word' id='word_1_561' title='bbox 1508 2511 1828 2564; x_wconf 77' lang='lat' dir='ltr'>vocabulorum,</span> <span class='ocrx_word' id='word_1_562' title='bbox 1878 2506 2159 2566; x_wconf 82' lang='lat' dir='ltr'>primaevisque</span> <span class='ocrx_word' id='word_1_563' title='bbox 2192 2505 2255 2569; x_wconf 42' lang='lat' dir='ltr'>‚fi-</span> 
     </span>
     <span class='ocr_line' id='line_1_96' title="bbox 1219 2562 2254 2632; baseline -0.011 -13"><span class='ocrx_word' id='word_1_564' title='bbox 1219 2571 1555 2632; x_wconf 82' lang='lat' dir='ltr'>gnificationibus</span> <span class='ocrx_word' id='word_1_565' title='bbox 1595 2569 1837 2626; x_wconf 85' lang='lat' dir='ltr'>vetustisque</span> <span class='ocrx_word' id='word_1_566' title='bbox 1882 2567 2027 2611; x_wconf 88' lang='lat' dir='ltr'>ritibus</span> <span class='ocrx_word' id='word_1_567' title='bbox 2068 2562 2254 2622; x_wconf 85' lang='lat' dir='ltr'>quaestio-</span> 
     </span>
     <span class='ocr_line' id='line_1_97' title="bbox 1220 2625 1990 2683; baseline -0.014 -6"><span class='ocrx_word' id='word_1_568' title='bbox 1220 2648 1292 2677; x_wconf 90' lang='lat' dir='ltr'>nes</span> <span class='ocrx_word' id='word_1_569' title='bbox 1322 2632 1430 2675; x_wconf 90' lang='lat' dir='ltr'>inter</span> <span class='ocrx_word' id='word_1_570' title='bbox 1459 2626 1772 2683; x_wconf 77' lang='lat' dir='ltr'>jurisconsultos</span> <span class='ocrx_word' id='word_1_571' title='bbox 1802 2625 1990 2682; x_wconf 80' lang='lat' dir='ltr'>agitatae.</span> 
     </span>
    </p>

    <p class='ocr_par' dir='ltr' id='par_1_5' title="bbox 1221 2678 2256 3086">
     <span class='ocr_line' id='line_1_98' title="bbox 1278 2678 2256 2742; baseline -0.012 -9"><span class='ocrx_word' id='word_1_572' title='bbox 1278 2690 1439 2733; x_wconf 90' lang='lat' dir='ltr'>Verum</span> <span class='ocrx_word' id='word_1_573' title='bbox 1459 2719 1472 2742; x_wconf 93' lang='lat'>,</span> <span class='ocrx_word' id='word_1_574' title='bbox 1513 2699 1559 2732; x_wconf 88' lang='lat' dir='ltr'>ut</span> <span class='ocrx_word' id='word_1_575' title='bbox 1588 2684 1820 2730; x_wconf 89' lang='lat' dir='ltr'>orationem</span> <span class='ocrx_word' id='word_1_576' title='bbox 1853 2682 2074 2726; x_wconf 86' lang='lat' dir='ltr'>reseramus</span> <span class='ocrx_word' id='word_1_577' title='bbox 2103 2678 2151 2723; x_wconf 90' lang='lat' dir='ltr'>ad</span> <span class='ocrx_word' id='word_1_578' title='bbox 2181 2679 2256 2731; x_wconf 63' lang='lat' dir='ltr'>Jii-</span> 
     </span>
     <span class='ocr_line' id='line_1_99' title="bbox 1221 2737 2254 2797; baseline -0.013 -7"><span class='ocrx_word' id='word_1_579' title='bbox 1221 2745 1552 2792; x_wconf 86' lang='lat' dir='ltr'>risconsultorum</span> <span class='ocrx_word' id='word_1_580' title='bbox 1607 2740 1941 2797; x_wconf 87' lang='lat' dir='ltr'>Philosophiam,</span> <span class='ocrx_word' id='word_1_581' title='bbox 1998 2737 2144 2782; x_wconf 63' lang='lat' dir='ltr'>sestam</span> <span class='ocrx_word' id='word_1_582' title='bbox 2191 2750 2254 2778; x_wconf 86' lang='lat' dir='ltr'>re-</span> 
     </span>
     <span class='ocr_line' id='line_1_100' title="bbox 1221 2794 2252 2860; baseline -0.014 -12"><span class='ocrx_word' id='word_1_583' title='bbox 1221 2804 1304 2848; x_wconf 88' lang='lat' dir='ltr'>fert</span> <span class='ocrx_word' id='word_1_584' title='bbox 1346 2802 1615 2860; x_wconf 85' lang='lat' dir='ltr'>cognoscere,</span> <span class='ocrx_word' id='word_1_585' title='bbox 1656 2800 1704 2844; x_wconf 87' lang='lat' dir='ltr'>ad</span> <span class='ocrx_word' id='word_1_586' title='bbox 1746 2813 1871 2856; x_wconf 88' lang='lat' dir='ltr'>quam</span> <span class='ocrx_word' id='word_1_587' title='bbox 1904 2796 1966 2840; x_wconf 92' lang='lat' dir='ltr'>illi</span> <span class='ocrx_word' id='word_1_588' title='bbox 1999 2794 2252 2858; x_wconf 82' lang='lat' dir='ltr'>potissimum</span> 
     </span>
     <span class='ocr_line' id='line_1_101' title="bbox 1223 2856 2252 2919; baseline -0.016 -12"><span class='ocrx_word' id='word_1_589' title='bbox 1223 2861 1440 2919; x_wconf 87' lang='lat' dir='ltr'>ingenium</span> <span class='ocrx_word' id='word_1_590' title='bbox 1494 2858 1774 2916; x_wconf 86' lang='lat' dir='ltr'>appulerunt.</span> <span class='ocrx_word' id='word_1_591' title='bbox 1823 2856 1882 2898; x_wconf 87' lang='lat' dir='ltr'>Et</span> <span class='ocrx_word' id='word_1_592' title='bbox 1925 2866 2122 2910; x_wconf 90' lang='lat' dir='ltr'>quoniam</span> <span class='ocrx_word' id='word_1_593' title='bbox 2162 2863 2252 2902; x_wconf 74' lang='lat' dir='ltr'>jura</span> 
     </span>
     <span class='ocr_line' id='line_1_102' title="bbox 1223 2909 2255 2972; baseline -0.014 -10"><span class='ocrx_word' id='word_1_594' title='bbox 1223 2918 1482 2964; x_wconf 87' lang='lat' dir='ltr'>vetustiorem</span> <span class='ocrx_word' id='word_1_595' title='bbox 1530 2915 1736 2972; x_wconf 81' lang='lat' dir='ltr'>originem</span> <span class='ocrx_word' id='word_1_596' title='bbox 1777 2922 1992 2957; x_wconf 83' lang='lat' dir='ltr'>traxerunt</span> <span class='ocrx_word' id='word_1_597' title='bbox 2032 2925 2061 2960; x_wconf 77' lang='lat' dir='ltr'>a¹</span> <span class='ocrx_word' id='word_1_598' title='bbox 2096 2909 2255 2969; x_wconf 83' lang='lat' dir='ltr'>Draco-</span> 
     </span>
     <span class='ocr_line' id='line_1_103' title="bbox 1223 2965 2253 3028; baseline -0.016 -7"><span class='ocrx_word' id='word_1_599' title='bbox 1223 2993 1273 3021; x_wconf 90' lang='lat' dir='ltr'>ne</span> <span class='ocrx_word' id='word_1_600' title='bbox 1316 2973 1632 3019; x_wconf 83' lang='lat' dir='ltr'>Atheniensium</span> <span class='ocrx_word' id='word_1_601' title='bbox 1674 2970 1936 3028; x_wconf 80' lang='lat' dir='ltr'>legislatore,</span> <span class='ocrx_word' id='word_1_602' title='bbox 1997 2965 2067 3022; x_wconf 88' lang='lat' dir='ltr'>qui</span> <span class='ocrx_word' id='word_1_603' title='bbox 2109 2976 2253 3022; x_wconf 73' lang='lat' dir='ltr'>omnia</span> 
     </span>
     <span class='ocr_line' id='line_1_104' title="bbox 1225 3017 2251 3086; baseline -0.013 -11"><span class='ocrx_word' id='word_1_604' title='bbox 1225 3034 1306 3077; x_wconf 86' lang='lat' dir='ltr'>fere</span> <span class='ocrx_word' id='word_1_605' title='bbox 1356 3031 1539 3083; x_wconf 67' lang='lat' dir='ltr'>deusta,</span> <span class='ocrx_word' id='word_1_606' title='bbox 1590 3029 1781 3086; x_wconf 86' lang='lat' dir='ltr'>quamvis</span> <span class='ocrx_word' id='word_1_607' title='bbox 1844 3024 2056 3081; x_wconf 89' lang='lat' dir='ltr'>imparia,</span> <span class='ocrx_word' id='word_1_608' title='bbox 2109 3017 2251 3075; x_wconf 76' lang='lat' dir='ltr'>aequall</span> 
     </span>
    </p>
   </div>
   <div class='ocr_carea' id='block_1_4' title="bbox 1226 3077 2262 3187">
    <p class='ocr_par' dir='ltr' id='par_1_6' title="bbox 1226 3077 2262 3187">
     <span class='ocr_line' id='line_1_105' title="bbox 1226 3077 2262 3187; baseline -0.017 -55"><span class='ocrx_word' id='word_1_609' title='bbox 1226 3091 1465 3146; x_wconf 82' lang='lat' dir='ltr'>summoque</span> <span class='ocrx_word' id='word_1_610' title='bbox 1509 3086 1708 3143; x_wconf 87' lang='lat' dir='ltr'>supplicio</span> <span class='ocrx_word' id='word_1_611' title='bbox 1757 3084 1989 3141; x_wconf 64' lang='lat' dir='ltr'>ple&amp;ebat3</span> <span class='ocrx_word' id='word_1_612' title='bbox 2019 3077 2124 3136; x_wconf 88' lang='lat' dir='ltr'>quod</span> <span class='ocrx_word' id='word_1_613' title='bbox 2152 3088 2262 3187; x_wconf 50' lang='lat' dir='ltr'>{psi-t</span> 
     </span>
    </p>
   </div>
  </div>
 </body>
</html>
