2451 3470
173 130 279 181 roo
778 111 845 161 V.

966 106 1838 165 GRAVINAE.

161 193 263 236 tenti
289 203 355 232 arn
392 186 498 231 reete
531 184 750 229 trahentur
784 201 805 227 a
835 183 1093 241 generalibus
1109 197 1218 239 regu·
1240 191 1254 199 ”
1279 197 1439 230 mutare
1472 186 1540 229 fibi
1573 185 1705 241 potuit
1739 185 1899 241 legem,
1931 174 1991 230 ita
2018 185 2102 238 jure
2126 185 2193 230 suo
2206 186 2305 230 alie-

175 250 227 293 lis
262 246 361 299 juris
395 244 567 289 civilis:
605 244 729 299 iisque
749 241 1032 285 deficientibus
1053 273 1064 294 ‚
1099 243 1222 283 advo·

169 307 300 351 canda
337 316 457 347 erunt
488 318 539 347 ex
568 301 752 344 'historiis
789 299 950 342 lumina
983 297 1056 341 illa
1088 296 1186 350 juris
1209 328 1222 350 ‚

177 379 270 422 quae
305 362 424 405 nobis
458 362 501 404 in
533 359 751 414 digestione
787 356 922 412 legum
939 354 1224 399 Tribonianus

183 423 247 466 uti
284 420 530 475 supervacua
564 414 781 459 subduxit:
816 429 903 470 quae
934 413 959 454 fi
995 429 1126 469 neque
1159 414 1223 456 hi-

187 478 316 524 storiae
351 472 694 533 suppeditaverint
720 505 732 525 ‚
763 471 1058 516 excurrendum
1091 471 1143 514 est
1175 471 1223 514 ad

181 535 378 581 notiones
402 533 500 585 juris
535 529 755 581 naturalis,
789 530 832 572 &
866 544 1008 581 mens,
1041 544 1129 586 quae
1161 545 1220 571 ra—

184 595 319 639 tiones
361 590 540 636 exterius
572 587 799 632 colleftum
829 587 929 630 ierat
960 618 971 640 ‚
1006 586 1222 629 introrsum

185 651 465 698 retrahenda:
517 659 560 689 ut
602 661 650 688 ex
700 645 841 687 innata
892 644 1102 687 mentibus
1137 643 1222 700 lege

186 722 396 767 prematur
425 738 436 758 ,
480 703 584 760 quod
631 701 779 757 scripto
811 702 1108 757 constitutoque
1139 700 1224 752 jure

185 783 273 811 non
306 764 425 809 fuerit
456 759 707 815 expressum,
744 757 859 816 idque
894 775 1006 802 more
1031 758 1224 810 juriscon-

184 824 386 868 sultorum
421 833 631 870 veterum,
664 816 763 872 qui,
797 817 900 870 quod
937 817 979 859 in
1011 816 1225 859 duodecim

184 881 335 925 tabulis
384 877 548 932 aliisque
595 874 748 930 legibus
796 873 839 916 ὃ(
873 875 1095 918 Praetorum
1129 874 1226 916 Edi-

186 939 260 982 &is
304 937 443 980 frustra
475 932 695 988 quaesisl‘ent
724 963 736 984 ,
782 932 972 987 petebant
1022 947 1043 974 e
1077 930 1222 974 morali

184 995 369 1039 doffttina
402 990 749 1044 Philosophorum
779 1020 790 1041 ‚
823 989 891 1045 qui
928 989 1109 1032 d080res
1147 987 1219 1031 fue.

186 1068 280 1098 runt
313 1053 410 1105 juris
442 1050 658 1105 gentium,
690 1063 735 1089 ae
768 1047 968 1102 primores
990 1047 1227 1090 communis

187 1109 464 1166 naturalisque
500 1106 602 1163 legis
636 1105 876 1160 interpretes
898 1136 911 1147 ,

247 1172 313 1213 Ut
346 1181 482 1211 autern
518 1177 607 1206 tum
628 1162 895 1217 disputando,
928 1174 1016 1204 tum
1032 1160 1228 1204 definien-

189 1227 268 1282 d0‚
301 1226 408 1282 quod
442 1221 669 1279 plurimum
696 1218 843 1271 refert,
876 1220 1148 1274 interpretum
1170 1232 1226 1261 at-

189 1300 266 1341 que
298 1284 511 1327 aue-'torum
531 1278 730 1322 delef'tum
759 1277 965 1330 habeatis,
998 1293 1043 1318 ac
1059 1275 1228 1329 noritis,

191 1344 303 1395 cujus
334 1342 378 1383 in
409 1355 487 1395 qua
519 1335 734 1393 quaestione
762 1334 964 1389 praecellat
984 1333 1229 1385 au80ritas3

192 1397 425 1456 saeparandae
459 1396 547 1438 sunt
579 1391 858 1436 controversiae
892 1390 996 1444 illae,
1029 1391 1095 1433 ubi
1124 1406 1226 1447 quae—

192 1457 297 1501 ritui·
329 1453 513 1511 cognitio
544 1448 704 1506 antiqui
736 1449 832 1500 juris
863 1449 905 1492 ἃ
933 1463 1128 1503 germana
1147 1448 1231 1490 sen-

192 1515 322 1560 tentia
356 1514 493 1568 legum
525 1509 574 1551 ab
602 1508 673 1559 iis,
705 1522 792 1561 quae
812 1505 855 1548 in
874 1505 1010 1548 forum
1027 1505 1230 1558 tendunt,

191 1574 299 1618 &ab
326 1568 540 1614 Irneriana
557 1563 689 1609 schola
707 1596 719 1618 ,
754 1562 1230 1618 communipopulorum

194 1630 293 1684 usu,
326 1628 373 1672 ad
405 1637 564 1669 aetatem
598 1632 870 1677 pervenerunt
891 1621 1009 1676 usque
1031 1620 1231 1663 nostram.

249 1686 421 1732 Etenim
456 1684 498 1726 in
532 1681 681 1723 sincera
712 1679 754 1722 &
781 1677 1231 1734 germanaintelligen-

189 1747 249 1791 tia
301 1741 480 1788 Romani
527 1737 621 1790 jurjs
648 1769 660 1790 ,
704 1751 849 1778 omnes
882 1750 1058 1792 quorum
1092 1735 1231 1777 sanum

192 1805 242 1849 fit
285 1800 489 1854 sinciput,
539 1794 714 1852 quosque
751 1794 893 1848 pudeat
938 1793 1080 1835 alienae
1113 1792 1234 1848 igno--

192 1860 336 1906 rantiae
374 1854 549 1900 blandiri
578 1885 590 1906 ‚
624 1851 774 1906 primas
806 1851 993 1894 tribuerit
1032 1850 1193 1893 Alciato
1223 1881 1234 1903 ‚

194 1917 400 1971 Cujacio,
432 1910 638 1956 Donel102
675 1911 897 1962 Duaoeno,
930 1908 1085 1961 totique
1105 1907 1233 1950 inter-

192 1990 360 2034 pretum
401 1971 653 2016 eruditorum
703 1966 844 2009 scholae
867 1983 880 2007 τ
918 1967 985 2020 qui
1021 1966 1161 2008 Graeca
1193 1965 1234 2007 ἃ.

195 2034 349 2079 Latina
396 2027 622 2073 eruditione
669 2023 826 2066 abditos
870 2023 998 2079 vulgo
1043 2022 1234 2066 reclusere

199 2091 355 2136 sensus.
392 2089 439 2129 In
475 2085 563 2128 foro
596 2094 733 2125 autem
763 2080 1136 2136 jureimperaverit
1153 2081 1233 2122 Ac-

198 2148 347 2193 cursius
376 2177 387 2198 ,
419 2144 462 2187 δί
493 2140 680 2184 Bartolus
707 2170 718 2190 ,
767 2153 989 2194 eorumque
1022 2137 1236 2180 numerosa

200 2208 243 2251 ἃ
264 2202 452 2248 foecunda
468 2232 479 2253 ,
511 2215 556 2241 ac
578 2196 764 2252 perbeata
785 2195 943 2238 familia
961 2228 968 2238 t
983 2210 1156 2252 quo-rum
1177 2211 1234 2237 re-

197 2263 395 2318 ceptiores
427 2255 667 2313 opinione5‚
699 2255 824 2296 etiam
859 2252 884 2296 fi
910 2268 957 2296 ex
981 2252 1236 2295 eruditorum

201 2317 452 2375 exposit-ione
470 2347 480 2367 ‚
496 2313 779 2367 'veterumque
815 2310 948 2366 legum
966 2309 1207 2352 testimoniis
1226 2341 1238 2362 ‚

199 2391 319 2433 atque
351 2372 608 2428 antiquitatis
640 2369 715 2411 fide
737 2367 1109 2411 manifestoerroris
1126 2382 1234 2409 coar·

196 2446 408 2492 guantur,
458 2442 595 2471 tamen
630 2427 670 2468 in
705 2426 987 2482 quaestionibus
1019 2424 1065 2467 ad
1101 2422 1235 2466 forum

198 2487 518 2538 redundantibus
550 2485 698 2527 merito
732 2483 913 2538 palmam
947 2482 1120 2525 tulerint
1148 2513 1160 2534 ‚
1211 2481 1237 2524 fi

197 2547 382 2605 repetitis
424 2541 624 2597 exemplis
657 2542 698 2583 in
732 2540 954 2583 tribunalia
989 2539 1198 2582 manarint
1227 2571 1238 2592 ‚

195 2608 322 2662 inque
383 2614 650 2646 communem
698 2597 927 2641 transierint
969 2596 1238 2640 contrahendi

193 2666 238 2709 ὃς
270 2659 469 2716 judicandi
504 2671 689 2699 motem:
725 2670 848 2710 quam
866 2655 979 2698 enim
996 2655 1237 2696 firmitatem

199 2740 224 2766 a
255 2721 351 2774 juris
384 2716 538 2759 ratione
573 2728 657 2755 non
686 2711 841 2754 habent
864 2744 875 2764 ‚
907 2728 997 2753 earn
1030 2712 1240 2767 accipiunt

197 2796 220 2823 a
265 2774 461 2831 temporis
507 2769 751 2813 auetoritate
796 2768 1016 2824 populique
1049 2768 1236 2811 uniuscu-

196 2837 336 2894 jusque
362 2828 559 2875 vconsensu
586 2843 598 2881 3
631 2827 699 2882 qui
732 2857 745 2880 ‚
778 2826 874 2870 ficut
912 2825 1036 2870 sciens
1063 2826 1241 2882 prudens

256 2966 264 2975 ’
291 2974 685 2992 -————-——.-——-

249 3014 324 3056 ς’)
351 3011 526 3041 Memento
551 3004 720 3047 piscatoris
746 3005 778 3035 in
803 3003 942 3045 scopulis
961 3003 1110 3035 destituti
1127 3025 1136 3036 .
1161 3001 1240 3043 quia

202 3061 281 3096 esca
322 3065 389 3089 non
427 3051 579 3084 utebatur
615 3049 757 3089 piscibus
782 3057 898 3091 grata.
943 3049 1030 3086 Jaris
1050 3047 1147 3078 enim
1171 3050 1236 3078 Ro.

202 3102 300 3142 ‚mani
333 3098 476 3141 origines
514 3105 628 3137 parum
651 3093 890 3135 appetebantur
914 3093 955 3124 ab
977 3090 1240 3124 adolescentibus

204 3145 393 3185 Romanis,
419 3141 497 3184 quia
524 3151 588 3172 non
614 3137 738 3171 faciunt
766 3137 839 3179 πρός
864 3136 907 3171 -rx'
931 3136 1059 3180 οἱλφιτα
1079 3159 1087 3167 .
1114 3136 1240 3169 Mirere

199 3205 321 3233 gamen
344 3186 558 3224 constantiam
575 3207 587 3226 ‚
623 3193 687 3227 qua
710 3185 744 3216 ἃ
770 3183 878 3217 vitam
902 3191 962 3226 pto
987 3182 1075 3217 resta
1099 3179 1241 3216 docendi

1273 258 1373 304 num
1406 259 1583 287 errorem
1618 259 1690 298 pro
1725 242 1809 298 lege
1842 243 1911 287 fibi
1943 244 2174 288 constituit.
2208 242 2307 287 At'fi

1272 301 1367 350 ‚uris
1400 301 1502 344 ratio
1533 313 1650 343 antea
1685 300 1813 343 latens
1843 301 2308 359 posteaqueinterpreta-

1272 357 1454 401 tionibus
1464 358 1719 401 eruditorum
1729 358 1926 413 expressa,
1944 375 2026 402 non
2042 360 2193 417 publici
2209 374 2310 402 con·

1274 415 1404 463 sensus
1437 415 1659 468 majestati,
1694 415 1752 458 sed
1783 415 2014 470 vulgarium
2035 418 2307 473 interpretum

1272 472 1399 516 turbis
1415 473 1671 515 adversetur:
1688 484 1775 515 turn
1791 485 1897 516 certe
1915 473 2086 526 perfetta
2100 473 2308 518 sententiae

1274 530 1419 573 veritas
1441 530 1592 573 merito
1607 530 1748 573 vicerit
1768 546 1950 574 errorem
1973 563 1982 583 ‚
2017 531 2132 575 nullo
2143 529 2302 574 exami-

1273 587 1403 642 ne‚sed
1419 587 1532 629 bruta
1549 586 1590 629 ἅ
1610 602 1799 631 vervecea
1817 587 2311 633 scribentiumcrudelita-

1274 658 1310 688 te
1326 677 1338 698 ‚
1355 646 1394 686 in
1409 644 1705 699 allegationum
1722 644 2004 688 farciminibus
2022 661 2283 702 propagatam
2299 680 2310 692 .

1331 704 1425 757 Quo
1459 702 1589 757 tnagis
1619 701 1747 744 etiam
1774 703 1819 745 ad
1838 702 2309 759 utilitatempublicam,

1275 760 1422 803 nedum
1445 759 1490 801 ad
1509 760 1707 814 privatam
1723 760 1994 802 eruditionem
2011 772 2129 816 atque
2141 761 2188 804 ad
2203 762 2313 805 anti-

1274 817 1446 873 quitatis
1459 817 1744 872 cognitionem
1761 849 1771 869 ‚
1807 818 2308 863 sunteruditoruminter-

1276 887 1434 931 pretum
1450 873 1699 929 exemplaria
1726 875 1939 918 versanda:
1971 888 2057 918 turn
2073 888 2116 918 ut
2129 891 2149 918 e
2164 876 2311 920 diffen-

1275 932 1472 975 tientibus
1497 931 1606 974 inter
1623 931 1656 974 se
1675 932 1906 989 vulgarium
1923 933 2135 976 aun-orum
2152 933 2312 977 senten-

1277 990 1344 1032 tiis
1369 1005 1414 1032 ea
1442 988 1703 1043 praeferatur,
1735 988 1799 1031 cui
1821 989 2124 1044 germanajuris
2143 990 2246 1033 ratio
2261 1007 2312 1036 ex

1275 1047 1528 1091 eruditorum
1546 1045 1657 1088 libris
1672 1046 1830 1089 auxilio
1847 1047 2002 1099 veniat3
2021 1059 2107 1090 turn
2124 1059 2166 1090 ut
2184 1048 2207 1090 fi
2223 1050 2312 1104 quis

1279 1119 1406 1147 novus
1419 1119 1528 1146 error
1544 1103 1584 1146 in
1601 1102 1737 1145 forum
1755 1104 1982 1158 impendat,
2000 1120 2104 1148 verae
2118 1105 2311 1160 jurispru-

1276 1160 1421 1205 dentiae
1436 1161 1551 1203 freno
1564 1174 1683 1217 atque
1698 1161 1934 1205 auStoritate
1950 1176 2180 1206 coerceatur
2200 1194 2209 1204 .

1337 1220 1457 1261 Unde
1491 1218 1596 1261 haud
1630 1233 1694 1260 me
1731 1219 1902 1272 poenitet
1934 1221 1983 1262 ab
2015 1219 2184 1269 ineunte
2217 1231 2310 1262 aeta-

1278 1290 1317 1319 te
1350 1276 1424 1319 hos
1456 1275 1613 1318 trivisse
1634 1275 1815 1318 aust-‚res
1834 1290 1953 1332 atque
1976 1278 2016 1319 in
2041 1275 2195 1331 scriptis
2213 1277 2313 1320 meis

1281 1333 1534 1376 Accurfianae
1568 1332 1709 1375 schol-ae
1743 1334 2099 1387 interpretationes
2130 1334 2195 1378 ubi
2227 1335 2315 1378 usus

1281 1391 1439 1434 venerit
1453 1424 1465 1444 ‚
1487 1390 1652 1433 illorum
1670 1390 1894 1434 luminibus
1909 1391 2125 1446 adspersisse
2142 1408 2151 1433 ε
2171 1407 2318 1447 quam-

1282 1449 1340 1491 vis
1389 1449 1520 1490 nostra
1562 1447 1730 1490 docendi
1778 1450 1880 1491 ratio
1923 1465 1944 1491 a
1977 1449 2220 1492 cultioribus
2251 1449 2317 1492 in-

1281 1506 1520 1561 terpretibus
1552 1506 1755 1557 arcessita,
1791 1506 1830 1547 in
1868 1506 1941 1549 hac
1976 1507 2185 1550 meritoria
2213 1519 2318 1549 tem-

1284 1579 1425 1619 porum
1459 1563 1781 1617 Jurisprudentia
1815 1576 1898 1606 tam
1933 1580 2079 1618 paucos
2111 1563 2316 1617 attrabat,

1283 1636 1327 1665 ut
1371 1636 1436 1664 me
1481 1635 1603 1675 prope
1647 1619 1849 1675 desperem
1893 1621 2095 1664 auditores
2128 1622 2321 1665 inventu-

1284 1694 1400 1732 rum,
1432 1678 1507 1732 [⁴]
1539 1693 1584 1721 ac
1617 1676 1698 1728 jam
1731 1678 1831 1721 caffa
1865 1693 1966 1722 nuce
2001 1678 2209 1722 utiliorem
2244 1679 2318 1721 ha-

1285 1736 1413 1779 biturn
1462 1735 1508 1777 iri
1547 1749 1736 1778 vererer:
1790 1735 1860 1777 nisa
1893 1736 2139 1779 considerem
2175 1750 2210 1778 te
2246 1751 2318 1791 pro

1283 1806 1352 1837 tua
1369 1826 1380 1846 ,
1414 1792 1747 1836 Eminentiffime
1763 1793 1944 1847 Quaestor
1959 1825 1970 1846 ‚
1991 1793 2213 1836 clementia
2231 1808 2321 1848 per-

1287 1851 1492 1906 spec'taque
1535 1848 1602 1892 diu
1647 1849 1689 1892 in
1735 1849 1896 1903 publico
1939 1851 2141 1905 regimine
2176 1849 2317 1900 judicii

1284 1908 1472 1964 aequitate
1488 1939 1499 1959 ‚
1533 1906 1679 1963 vosque
1698 1938 1709 1958 ‚
1733 1907 1847 1957 hujus
1867 1907 2200 1963 Archig-ymnafii
2219 1908 2322 1950 Prae-

1287 1967 1378 2009 fides
1412 1964 1691 2008 huma-nissimi
1717 1995 1730 2018 ς
1767 1964 1988 2007 utilitatem
2024 1964 2208 2021 cujusque
2242 1981 2321 2007 no·

1285 2024 1406 2067 strum
1433 2039 1453 2065 e
1482 2021 1635 2075 scriptis
1660 2021 1896 2065 docentium
1912 2023 2200 2074 aestimaturos,
2239 2037 2323 2064 non

1289 2097 1382 2124 vero
1415 2096 1462 2123 ex
1499 2094 1670 2122 numero
1703 2078 1944 2128 disc-entium
1968 2111 1979 2132 ,
2014 2081 2078 2134 qui
2113 2080 2164 2122 ob
2192 2079 2319 2122 aetatis

1284 2137 1614 2181 imbellicitatem
1631 2136 1896 2193 inopiamque
1911 2137 2083 2188 ommis,
2100 2138 2323 2180 crebriores

1285 2196 1524 2251 plerumque
1545 2195 1590 2237 ad
1615 2193 1814 2237 forensem
1839 2195 2054 2237 versutiam
2077 2194 2321 2238 confluunt:

1285 2269 1407 2309 quam
1440 2254 1487 2295 ad
1520 2251 1746 2296 doetrinam
1768 2284 1780 2305 ‚
1813 2251 1922 2302 cujus
1954 2253 2104 2307 alioqui
2140 2252 2323 2305 praestan-

1285 2311 1390 2354 tiam
1439 2310 1480 2352 ἃ
1525 2310 1750 2353 ubertatem
1801 2308 1845 2352 in
1875 2308 2042 2364 collegis
2076 2310 2176 2353 meis
2207 2309 2326 2351 inve-

1288 2367 1403 2411 nient
1437 2367 1558 2423 longe
1592 2366 1793 2416 maiorem
1819 2398 1828 2409 .

1345 2429 1483 2482 Atque
1499 2425 1597 2468 illud
1616 2424 1717 2467 mihi
1736 2423 1915 2467 maxime
1931 2423 2184 2475 adversatur,
2219 2422 2327 2480 quod

1289 2483 1436 2539 pleriq3
1454 2483 1629 2525 rudiores
1647 2513 1658 2533 ‚
1690 2497 1812 2537 quarn
1830 2495 2050 2532 venerant,
2083 2498 2102 2522 a
2120 2481 2327 2523 studiisre-

1287 2541 1412 2583 deunt
1430 2540 1725 2582 humanitatis:
1761 2537 1841 2580 fine
1857 2538 2002 2594 quibus
2019 2554 2179 2581 mecum
2201 2554 2328 2581 nemo

1288 2612 1395 2641 certe
1429 2597 1671 2652 profecerit,
1705 2594 1804 2648 nisi,
1840 2595 2102 2638 utilliteratis
2117 2596 2327 2649 placeam,

1288 2670 1409 2710 cogar
1442 2654 1637 2697 dediscere
1670 2651 1867 2695 meliora.
1904 2654 2056 2695 Verum
2076 2654 2206 2704 lianc,
2240 2668 2327 2695 nte-

1289 2711 1451 2755 hercule
1478 2743 1490 2765 ,
1540 2709 1644 2752 mihi
1673 2709 1860 2763 linguam
1880 2711 1990 2765 prius
2011 2709 2326 2753 exscindendam

1289 2769 1420 2820 dabo,
1454 2783 1578 2824 quum
1613 2781 1652 2810 te
1686 2767 1817 2810 sanffi‘te
1850 2766 2053 2810 literatius
2087 2767 2212 2821 pudor
2237 2783 2330 2821 pro·

1291 2826 1471 2869 stitutam
1488 2825 1659 2881 impuris
1674 2825 1834 2868 auribus
1846 2857 1860 2876 ,
1897 2839 1964 2869 aut
1979 2824 2198 2881 susceptam
2213 2823 2328 2877 ,vcul-

2219 2894 2326 2924 tam-

1967 2971 2106 2980 ——-—-—

1291 3005 1417 3037 ratione
1444 3014 1562 3045 ponere
1590 3012 1722 3045 paratus
1749 3003 1818 3040 est..
1845 3003 1872 3034 St
1893 3002 2081 3035 modestiam
2100 3024 2109 3036 .,

1291 3050 1492 3090 collegarum
1532 3048 1596 3080 ali-c.
1624 3049 1677 3080 via
1716 3047 1940 3080 incedentium
1967 3046 2107 3078 minim-e
2132 3042 2299 3077 obtrcetat
2317 3064 2327 3075 .

1289 3093 1483 3126 Obsectatio
1519 3104 1583 3131 ea,
1608 3103 1671 3134 qua
1698 3092 1773 3124 dein
1799 3092 2006 3126 Clementem
2033 3093 2092 3123 XI,
2119 3089 2326 3126 obtestatur,

1290 3148 1409 3184 magna
1432 3137 1566 3173 dicendi
1585 3137 1619 3171 vi
1631 3147 1676 3172 eo
1690 3160 1700 3179 ‚
1725 3147 1791 3181 quo
1807 3136 2016 3181 praeposrtum
2026 3142 2102 3169 erat
2118 3156 2128 3173 ,
2155 3133 2325 3167 decurrat.

2221 2971 2330 2980 ——no

2135 3010 2199 3041 qua
2218 2997 2328 3032 studiis
