2451 3470
158 131 271 199 256

167 215 295 247 tatem
313 230 324 252 ,
784 240 788 245 η
1107 228 1112 236 Ι
1153 229 1158 235 .

167 261 225 303 mi
261 254 375 300 sensit
407 252 531 293 iram.
566 244 695 288 Exitu
725 253 839 283 enim
862 232 1054 276 Censurae
1070 232 1210 271 Livius

169 317 210 360 in
235 312 422 357 aerarium
446 305 587 355 venit,
618 301 662 342 ἃ
699 298 739 339 P.
757 298 807 338 R.
841 303 1012 353 omn-em
1043 297 1218 347 quatuor

166 368 211 417 δὲ
248 368 420 422 triginta
442 363 567 404 fribus
586 357 747 400 ademto
776 349 958 407 suffragii·
983 342 1136 386 ferendi
1160 355 1219 391 iu-

169 446 211 473 re
237 424 396 470 aerarias
421 416 585 472 reliquit
605 444 618 466 ‚
649 410 754 466 quod
793 407 835 449 &
879 407 912 445 se
949 410 1218 443 innocentem

167 481 447 528 damnassent,
477 477 520 516 &
539 473 778 514 damnatum
794 458 1020 522 Consulem
1049 455 1218 517 &Cen-

170 544 296 585 sorem
323 535 524 580 fecissent.
560 529 659 568 Una
688 522 809 565 modo
837 516 990 559 Tribus
1019 514 1168 554 Maecia
1196 525 1218 551 a

168 611 285 641 tanta
318 586 553 649 ignominia
588 583 737 625 servata
771 608 784 631 ,
828 573 935 629 quod
981 581 1214 629 caeterarum

167 655 375 698 Tribuum
407 642 573 689 consilia
605 652 689 680 non
708 631 928 694 probasset.
962 629 1061 670 Haec
1086 622 1213 687 *vehe-

169 725 287 754 mens
321 696 617 749 animadversae
650 695 691 737 in
730 689 928 734 invidiam
951 680 1210 737 Populicon-

170 768 263 819 jecit
296 761 526 808 Censores,
557 766 678 808 quam
712 745 967 790 occasionem
999 751 1193 796 commen

170 821 289 866 dandi
326 820 357 861 se
392 813 500 858 Plebi
537 809 673 852 naftus
725 806 776 857 Q.
823 798 968 842 Bebius
1000 794 1214 837 Tribunus
1240 807 1343 852 ¹que
1378 791 1534 834 laxatus
1566 824 1574 834 .

1074 850 1533 903 anuelcentesimum
1580 849 1868 903 sexagessmum
1916 851 2137 905 septimum
2186 852 2316 896 inter·

171 880 302 923 Plebis
332 874 440 917 diem
484 868 531 911 ad
567 868 660 919 Pop.
696 873 853 913 utrique
886 857 990 897 dixit
1022 883 1030 892 .

169 953 231 980 res
262 929 453 976 consensu
490 926 653 967 Patrum
687 915 846 960 discussa
877 912 928 954 est
963 941 994 972 ,¹
1022 922 1070 950 ne
1103 907 1211 949 Cen-

172 994 257 1035 sura
293 987 433 1043 Populi
468 995 570 1025 aurae
593 977 818 1020 redderetur
845 971 1048 1012 obnoxia.
1179 1018 1184 1025 .

230 1050 272 1090 P.
298 1042 498 1088 Cornelio
522 1036 712 1088 Scipione
740 1062 750 1082 ‚
781 1029 824 1071 ἂ
855 1027 946 1067 Tit.
972 1024 1217 1082 Sempronio

172 1107 317 1159 Longo
338 1099 446 1143 coii‘.
474 1093 670 1137 Censores
697 1100 820 1130 creati
848 1077 1106 1141 Sext.ffilius
1129 1076 1211 1117 Poe

173 1176 238 1205 tus
265 1193 276 1213 ,
308 1159 351 1201 ὃς
379 1158 432 1199 C.
462 1148 682 1195 Cornelius
709 1142 932 1194 Caethegus
965 1167 976 1188 ‚
1022 1132 1218 1176 Azd111bus

175 1216 400 1260 Curulibus
432 1209 534 1253 ludis
567 1209 689 1248 Rom.
723 1203 999 1254 imperarunt,
1033 1204 1076 1231 ut
1109 1204 1214 1242 apo-

171 1275 268 1338 pulo
299 1267 509 1315 Senator-ia
541 1263 628 1306 loca
664 1260 944 1315 secernerent.
978 1250 1074 1300 Quo
1108 1245 1213 1287 fac'io

173 1341 385 1387 ingentem
421 1323 530 1367 illius
561 1317 714 1362 ordinis
746 1323 921 1374 gratiam
955 1304 1213 1357 collegerunt

173 1404 268 1431 eum
302 1397 439 1428 autern
473 1375 697 1433 promiscua
731 1368 864 1413 sedilia
895 1363 1017 1406 essent
1047 1391 1057 1400 .
1101 1359 1212 1400 Cum

175 1442 422 1498 amplissima
466 1449 534 1490 per
582 1433 615 1474 se
665 1428 756 1471 esset
788 1422 978 1481 Censura:
1012 1415 1180 1478 potestas
1206 1445 1218 1466 ‚

177 1500 413 1556 graviorem
448 1493 558 1536 illius
587 1486 830 1542 dignitatern
854 1511 876 1541 ³.
897 1475 1217 1528 &insigniorem

178 1555 348 1601 reddidit
379 1549 562 1600 adiuuem
580 1543 752 1600 personae
766 1539 968 1596 dignitas.
1004 1530 1216 1590 Postquam

177 1616 291 1655 enim
327 1612 390 1652 M.
420 1608 529 1649 Cato
561 1600 703 1644 Senior
736 1597 797 1638 vir
826 1590 1017 1654 omnibus
1051 1586 1092 1628 ἃ
1123 1584 1218 1627 belli

173 1671 217 1713 ὃ(
261 1667 368 1723 pacis
398 1663 550 1707 artibus
581 1669 748 1700 ornatus
781 1682 792 1703 ,
834 1661 982 1711 quique
1017 1643 1215 1705 humanas

175 1739 319 1769 omnes
351 1719 587 1775 cupiditates
613 1714 762 1755 virtute
777 1710 875 1750 vicit
895 1736 905 1756 ‚
937 1702 1215 1761 &continen-

175 1784 242 1825 tiae
287 1778 399 1823 laude
432 1775 500 1818 sibi
535 1768 698 1821 subiecit
725 1797 737 1820 ‚
783 1765 891 1807 hunc
925 1757 1210 1816 Magiilratum

173 1838 313 1881 favore
346 1833 474 1890 plebis
506 1822 962 1873 adversus-obtinentem
986 1828 1068 1855 vim
1090 1824 1217 1866 patri-

177 1897 338 1939 ciorum
370 1891 532 1943 adeptus
562 1884 638 1928 est:
675 1879 827 1923 mirum
861 1874 916 1938 est
936 1882 1147 1934 ⁸quantum
1171 1882 1220 1909 ex

180 1963 334 1995 naturae
388 1945 588 2002 gravitate
615 1971 628 1993 ‚
672 1937 714 1980 ἃ
758 1951 806 1979 ex
852 1927 1074 1990 disciplinae
1101 1939 1220 1989 ‘rigo-

178 2024 219 2053 re
270 2007 317 2049 ad
380 2004 489 2046 hunc
548 1994 839 2051 Magistratum
882 1985 1134 2050 aufi'toritatis
1179 1980 1221 2023 δι

179 2060 395 2114 majestatis
445 2054 630 2101 attulerit
656 2082 669 2095 .
717 2048 916 2109 Hominis
965 2041 1219 2100 severitatem

181 2132 323 2178 praeter
350 2127 512 2161 caeteros
537 2121 724 2164 expertus
748 2105 801 2148 est
830 2101 1038 2163 L¹Y¹.u⁵(‘.¹
1057 2097 1218 2158 )Qim-

184 2180 288 2227 tius,
321 2174 384 2218 vir
417 2168 652 2214 Consularis
683 2163 807 2206 frater
839 2161 930 2202 Titi
953 2150 1220 2209 QuintiiFla·

185 2232 307 2278 mir-ii
339 2229 418 2274 viri
451 2225 616 2281 insignis
639 2253 652 2276 ‚
694 2220 762 2275 qui
797 2216 946 2260 multos
976 2224 1105 2274 annos
1140 2208 1220 2271 bel-

185 2291 226 2334 lo
275 2304 321 2332 ac
365 2300 462 2342 pace
504 2285 656 2335 Remp.
701 2275 859 2331 egregie
890 2267 1223 2317 administravit,

184 2363 230 2391 ac
264 2347 304 2388 P.
339 2347 389 2387 R.
421 2339 594 2397 gloriam
628 2368 637 2382 ,
689 2333 871 2389 pluribus
901 2326 1061 2378 adjeffls
1095 2325 1223 2378 impe-

183 2404 244 2448 rio
274 2400 460 2457 gentibus
493 2428 505 2449 ‚
537 2394 648 2437 auxit
676 2423 684 2431 .
716 2388 857 2438 Hujus
889 2386 1023 2439 itaque
1057 2382 1224 2423 fratrem

766 89 1677 161 DISSERTATIO

356 194 398 238 &
430 184 594 240 offensi,
625 183 678 230 ob
704 180 895 234 injustum
927 173 1103 219 exilium
1121 171 1210 215 ani·
1271 170 1314 213 δε
1345 168 1468 213 fidem
1501 170 1541 212 P.
1573 173 1628 214 R.
1657 181 1778 227 atque
1809 169 2056 219 adstantium
2089 174 2300 233 implorata

1271 227 1305 288 ti
1334 226 1438 290 latus
1472 228 1705 290 transfixit.
1742 227 1957 283 Multaque
1988 243 2194 288 propterea
2223 236 2324 279 edi--

1270 283 1354 336 dit,
1379 298 1430 346 ‚in
1456 284 1637 347 moribus
1667 286 1868 338 corruptis
1894 292 2148 337 coercendis,
2186 292 2317 335 rediis-

1268 339 1577 404 queynstitutis
1607 356 1688 391 iam
1723 341 1952 385 labentibus
1966 339 2214 399 ,reparandis
2249 350 2315 392 in·

1269 399 1395 450 signia
1425 396 1637 452 probitatis
1667 397 1711 440 &
1742 399 1955 452 gravitatis
1985 403 2175 455 exempla
2194 435 2203 445 .

1325 453 1437 516 Cum
1469 466 1697 508 praepotens
1732 455 1883 508 virium
1899 454 1994 499 effer
2008 458 2192 501 Censura
2210 490 2222 507 ,
2247 476 2319 516 po==

1270 509 1421 553 stremis
1453 511 1619 554 tandem
1642 512 1893 565 temporibus
1909 508 2312 559 inclinatis-rebus&

1271 569 1800 629 Repgpropterpaucorum
1832 568 2163 613 dominationem
2194 571 2237 614 δι
2264 572 2317 615 li·

1267 636 1446 683 centiam
1480 623 1528 664 ad
1559 625 1774 665 interitum
1806 638 1998 680 vergente
2020 656 2033 678 ‚
2062 627 2183 669 robur
2199 627 2317 679 hujus

1268 679 1521 740 magistratus
1554 694 1635 722 non
1669 681 1976 724 comminutum
1999 684 2126 725 modo
2139 683 2192 727 est
2212 715 2223 737 ‚
2252 683 2318 726 sed

1266 751 1368 791 pene
1400 736 1662 790 emnehim,
1695 753 1741 780 ac
1777 738 1898 792 vigor
1928 738 2049 793 ipsius
2081 738 2232 783 fraffius
2253 752 2314 782 at·

1609 793 1694 836 Post
1727 808 1884 836 annum
1915 796 2031 837 enim
2067 797 2197 839 Urbis
2229 796 2317 840 sex-

1267 905 1404 968 mrffa,
1435 921 1480 968 ac
1501 920 1611 948 anno
1636 906 1922 949 sexcentesimo
1954 908 2316 963 nonageiirnoter-

1266 975 1324 1004 tio
1367 961 1543 1004 restituta
1569 992 1580 1014 ‚
1621 979 1644 1005 a
1686 962 1838 1004 Clodio
1882 964 2048 1006 tandem
2083 965 2310 1018 pernicioso

1266 1017 1378 1060 cursu
1408 1033 1577 1061 omnem
1611 1020 1654 1060 in
1690 1021 1835 1072 Remp.
1870 1020 2017 1072 pestem
2052 1020 2305 1065 inferentem

1264 1074 1399 1129 eversa
1431 1089 1531 1128 pene
1564 1074 1642 1118 fuit
1666 1105 1676 1116 .
1710 1076 1751 1117 Is
1781 1075 1993 1118 Tribunus
2026 1076 2155 1119 Plebis
2184 1077 2310 1121 faetus

1269 1130 1400 1185 legem
1434 1130 1531 1173 tulit
1563 1146 1614 1173 ne
1645 1145 1768 1193 quem
1800 1131 2001 1175 Censores
2020 1134 2206 1177 aSenatu
2222 1150 2315 1177 mo-

1269 1200 1438 1250 verent,
1472 1202 1572 1229 neve
1603 1203 1681 1242 qua
1713 1189 1943 1242 ignominia
1962 1190 2197 1243 afficerent3
2230 1190 2304 1234 nisi

1266 1261 1333 1300 qui
1367 1244 1470 1298 apud
1501 1244 1710 1286 Tribunos
1741 1244 1944 1288 accusatus
1968 1245 2193 1289 &illorum
2209 1263 2312 1301 quo·

1265 1317 1341 1357 que
1378 1300 1574 1343 sententia
1604 1301 1820 1343 damnatus
1838 1301 1956 1343 esset.
1990 1302 2094 1344 Eam
2117 1302 2310 1354 vero'iam

1267 1357 1487 1411 collapsam
1521 1357 1719 1411 reparavit
1750 1372 1860 1399 anno
1875 1358 2214 1413 oe'tingentesimo
2231 1359 2311 1414 pri-

1266 1430 1335 1456 mo
1369 1413 1631 1475 QMetellus
1650 1412 1811 1468 Scipio,
1847 1414 2028 1467 Pompeii
2046 1414 2088 1458 in
2106 1416 2314 1458 Consula-

1268 1485 1310 1513 tu
1343 1471 1499 1525 collega
1525 1502 1534 1511 .
1579 1470 1715 1512 Rebus
1749 1470 1915 1513 tandem
1947 1471 1992 1513 in
2027 1472 2145 1514 unius
2178 1471 2317 1515 homi-

1269 1528 1394 1569 minis
1440 1527 1673 1582 potestatem
1719 1526 1935 1580 adduffis3
1977 1543 2022 1570 ac
2066 1527 2182 1570 simul
2215 1544 2313 1572 cum

1270 1585 1349 1637 ipsa
1382 1583 1514 1625 forma
1536 1585 1667 1641 VReip.
1704 1583 1857 1625 virtute
1889 1599 2050 1640 quoque
2084 1585 2126 1626 P.
2158 1587 2211 1627 R.
2241 1586 2310 1628 de-

1270 1647 1381 1682 leta:
1425 1641 1608 1682 Censura
1651 1655 1744 1682 cum
1792 1640 1972 1683 maxime
2019 1641 2233 1684 necessaria
2265 1641 2309 1683 ὃς

1270 1697 1381 1758 utilis
1409 1727 1427 1758 ,ἡ
1455 1709 1543 1738 tum
1577 1696 1909 1751 perincommoda
1943 1697 1986 1739 ὃς
2020 1697 2305 1753 intempestiva

1271 1754 1352 1796 visa
1382 1758 1434 1812 eit
1467 1767 1630 1807 propter
1660 1753 1906 1795 effraenatam
1944 1753 2155 1797 licentiam
2189 1767 2311 1808 atque

1271 1809 1487 1852 imbecillis
1528 1809 1576 1850 ad
1621 1808 1884 1864 ingruentem
1920 1810 2074 1852 molem
2110 1810 2310 1853 vitiorum

1269 1868 1311 1931 ᾃ
1358 1865 1489 1908 morbi
1519 1896 1531 1917 ‚
1582 1866 1650 1928 qui
1685 1866 1788 1907 vires
1820 1866 1988 1908 remedii
2024 1867 2265 1919 superabant
2295 1897 2309 1919 ‚

1271 1935 1371 1967 itaut
1415 1935 1501 1963 tum
1540 1936 1674 1964 minus
1704 1922 1844 1964 efficax
1876 1922 1968 1963 esset
1999 1922 2183 1964 Censura
2215 1937 2311 1965 cum

1271 1979 1404 2035 magis
1446 1979 1688 2024 Censor-um,
1721 1978 1928 2021 severitate
1979 1979 2098 2029 Resp.
2151 1979 2312 2033 indige-

1270 2052 1326 2081 ret
1348 2069 1361 2090 a
1394 2038 1497 2078 unde
1526 2035 1570 2077 ὃ(
1602 2035 1811 2077 mentione
1846 2034 1957 2076 illata
1989 2036 2035 2077 de
2069 2036 2310 2090 Magistratu

1271 2093 1512 2138 restituendo
1545 2123 1557 2145 ‚
1611 2091 1803 2134 Tiberius
1835 2091 1931 2143 [b]
1965 2091 2198 2146 respondisse
2232 2091 2312 2134 fer-

1271 2165 1334 2193 tur
1361 2167 1369 2190 :
1420 2165 1494 2191 non
1537 2149 1581 2202 ‘'d-
1629 2159 1779 2204 tempus
1808 2148 1988 2200 Censurae
2008 2180 2020 2200 ‚
2051 2165 2115 2190 nec
2141 2147 2175 2201 fi
2208 2148 2309 2203 quid

1275 2211 1315 2250 in
1345 2207 1518 2248 moribus
1557 2205 1702 2248 laboret
1742 2204 1968 2258 defuturum
1997 2206 2213 2260 corrigendi
2240 2222 2314 2247 au-

1271 2266 1405 2308 ⁴cft'orem
1439 2294 1447 2304 .
1506 2264 1766 2317 Quapropter
1822 2262 1866 2303 in
1919 2261 2175 2317 Principibus
2219 2261 2331 2315 ipsis..

1273 2321 1502 2365 Censuram
1555 2318 1736 2362 revixiffe
1781 2317 1991 2373 proditum
2032 2319 2086 2361 est
2122 2349 2135 2371 ,
2192 2330 2312 2372 atque

1273 2380 1322 2421 ab
1367 2378 1503 2420 iisdem
1548 2376 1667 2430 usque
1711 2375 1758 2418 ad
1803 2375 2311 2428 Decium·1mperatorem

190 2462 342 2503 Senatu
374 2456 508 2499 movit
539 2453 649 2494 Cato
677 2479 689 2500 ‚
721 2446 813 2501 quia
844 2444 950 2487 inter
981 2454 1123 2482 caetera
1154 2436 1224 2479 ob·
1275 2436 1384 2478 hunc
1431 2433 1716 2487 Magistratum
1760 2431 1913 2486 gestum
1948 2431 2074 2486 magis
2106 2430 2222 2474 credo
2255 2445 2306 2473 ne

191 2517 341 2570 ieelum
381 2525 467 2556 erat
508 2508 612 2562 quod
661 2516 704 2548 ut
752 2501 941 2553 Philippo
985 2497 1103 2539 Paeno
1131 2510 1228 2559 ‘caro

187 2590 234 2616 ac
302 2570 429 2614 nobili
483 2567 622 2609 Scorto
665 2561 947 2613 obsequeretur
989 2583 1000 2602 ‚
1044 2551 1226 2596 nobilem

187 2628 330 2679 Boium
361 2659 374 2679 ‚
415 2624 483 2681 qui
528 2637 621 2666 cum
666 2618 760 2661 filiis
799 2615 846 2657 ad
879 2609 1102 2667 Quintium
1134 2622 1226 2651 tum

1275 2493 1369 2548 quid
1424 2491 1612 2545 supremae
1655 2488 1856 2544 potestatis
1900 2488 2135 2542 Principum
2171 2490 2310 2542 Impe-

1278 2551 1336 2592 rio
1380 2562 1463 2590 non
1503 2545 1598 2589 esset
1637 2544 1836 2595 adjenum
1862 2575 1875 2597 ‚

1277 2622 1365 2649 ram
1409 2604 1610 2655 jacentem
1643 2602 1874 2657 desererent
1907 2633 1916 2643 .

1916 2559 2040 2600 quarn
2073 2559 2122 2587 ne
2152 2543 2311 2587 Censu-

1964 2600 2083 2644 Unde
2126 2600 2231 2656 quod
2262 2599 2311 2643 ad

189 2684 416 2729 Consulem
478 2678 746 2731 transfugerat
775 2704 788 2726 ‚
830 2672 1079 2722 interrogato
1121 2666 1228 2720 prius
1250 2664 1258 2724 l
1278 2661 1472 2718 regendos
1518 2658 1693 2701 Civium
1727 2672 1859 2700 mores
1884 2657 2232 2709 eratinstitutum3
2262 2656 2311 2699 ad

190 2758 314 2798 puero
346 2771 358 2793 ,
407 2754 459 2781 an
508 2734 632 2778 vellet
679 2747 773 2773 eum
823 2725 1075 2784 morientem
1116 2723 1219 2764 vide-

190 2816 232 2842 re
255 2831 266 2853 ‚
298 2810 416 2851 atque
459 2792 568 2836 illius
611 2787 728 2832 vultu
769 2784 922 2839 pallore
956 2792 1100 2823 mortis
1131 2779 1224 2821 affe-

189 2856 283 2907 80,
315 2849 573 2904 hominisque
605 2846 788 2888 animam
823 2838 1018 2900 trahentis
1044 2835 1225 2890 adspeRu

190 2913 268 2955 frui
303 2927 312 2952 t
361 2923 456 2952 curn
502 2918 597 2959 puer
644 2902 712 2943 vix
757 2897 856 2942 serio
888 2893 1123 2954 annuisset,
1167 2890 1218 2934 lo-

191 2981 387 3026 quentem
441 2961 671 3021 percussit,
720 2971 766 3000 ac
810 2953 952 2998 deinde
997 2949 1224 3006 fugientem

409 3108 763 3129 —-.———
769 3101 1228 3122 *n—n—

187 3123 294 3136 ,..-.-

239 3151 311 3191 [a]
339 3150 417 3182 Liv.
446 3145 503 3181 lib.
536 3152 587 3185 39·
614 3154 640 3177 c.
665 3150 717 3180 40.

1275 2717 1516 2762 elevandam
1575 2714 1775 2768 Principis
1829 2713 2076 2765 majestatem
2119 2745 2132 2766 ‚
2189 2727 2309 2767 atque

1279 2776 1395 2832 ipsius
1439 2771 1669 2826 augendum
1716 2771 1945 2825 Imperium
1989 2771 2150 2814 versum
2194 2770 2310 2813 fuit:

1279 2836 1369 2877 Nec
1410 2828 1635 2874 omiserunt
1678 2829 1868 2871 Numina
1911 2827 1992 2883 ipsa
2024 2827 2142 2878 hujus
2174 2826 2312 2881 Magi-

1277 2891 1416 2932 stratus
1461 2886 1676 2930 interitum
1721 2884 1956 2927 nunciare:
2004 2900 2098 2928 cum
2131 2881 2311 2926 tribunal

1278 2948 1446 2991 illorum
1487 2943 1557 2999 qui
1602 2942 1790 2997 postremi
1837 2942 1904 2985 sub
1945 2942 2130 2998 August-0
2178 2940 2314 2988 Caesa-

2271 3009 2315 3038 re

1280 3098 1505 3111 ‘'—·—
1513 3094 1628 3108 -“-““·
1637 3097 1663 3113 σι’
1669 3087 2314 3115 -ιι--μ--ι-υ-η--υ-ρ-

1323 3131 1343 3171 fi
1358 3129 1405 3170 b>
1431 3128 1544 3163 Tacit.
